市场代码,合约代码,时间,最新,持仓,增仓,成交额,成交量,开仓,平仓,成交类型,方向,买一价,卖一价,买一量,卖一量
ZC,CF705,2017-05-04 20:59:00.000,15650.0000,52762,0,0.0000,0,-,-,-,-,15155.0000,15660.0000,9,10
ZC,CF705,2017-05-04 21:00:00.000,15650.0000,52762,0,0.0000,0,-,-,-,-,15650.0000,15660.0000,10,10
ZC,CF705,2017-05-04 21:00:00.000,15650.0000,52762,0,0.0000,0,-,-,-,-,15640.0000,15660.0000,23,10
ZC,CF705,2017-05-04 21:00:01.000,15650.0000,52762,0,0.0000,0,-,-,-,-,15640.0000,15660.0000,6,10
ZC,CF705,2017-05-04 21:00:01.000,15650.0000,52762,0,0.0000,0,-,-,-,-,15640.0000,15660.0000,10,10
ZC,CF705,2017-05-04 21:00:02.000,15660.0000,52772,10,156600.0000,10,10,0,双开,B,15645.0000,15660.0000,7,5
ZC,CF705,2017-05-04 21:00:02.000,15660.0000,52772,0,0.0000,0,-,-,-,-,15645.0000,15660.0000,12,5
ZC,CF705,2017-05-04 21:00:03.000,15660.0000,52772,0,0.0000,0,-,-,-,-,15635.0000,15660.0000,17,5
ZC,CF705,2017-05-04 21:00:03.000,15660.0000,52772,0,0.0000,0,-,-,-,-,15640.0000,15660.0000,5,5
ZC,CF705,2017-05-04 21:00:03.000,15660.0000,52772,0,0.0000,0,-,-,-,-,15640.0000,15660.0000,4,5
ZC,CF705,2017-05-04 21:00:04.000,15660.0000,52772,0,0.0000,0,-,-,-,-,15650.0000,15660.0000,1,5
ZC,CF705,2017-05-04 21:00:05.000,15660.0000,52772,0,0.0000,0,-,-,-,-,15655.0000,15660.0000,1,5
ZC,CF705,2017-05-04 21:00:05.000,15660.0000,52772,0,0.0000,0,-,-,-,-,15640.0000,15660.0000,13,5
ZC,CF705,2017-05-04 21:00:06.000,15660.0000,52772,0,0.0000,0,-,-,-,-,15645.0000,15660.0000,7,5
ZC,CF705,2017-05-04 21:00:06.000,15660.0000,52772,0,0.0000,0,-,-,-,-,15645.0000,15660.0000,10,5
ZC,CF705,2017-05-04 21:00:07.000,15660.0000,52772,0,0.0000,0,-,-,-,-,15645.0000,15660.0000,5,5
ZC,CF705,2017-05-04 21:00:07.000,15660.0000,52772,0,0.0000,0,-,-,-,-,15645.0000,15660.0000,1,5
ZC,CF705,2017-05-04 21:00:08.000,15660.0000,52772,0,0.0000,0,-,-,-,-,15645.0000,15660.0000,4,5
ZC,CF705,2017-05-04 21:00:08.000,15660.0000,52772,0,0.0000,0,-,-,-,-,15640.0000,15660.0000,12,5
ZC,CF705,2017-05-04 21:00:09.000,15660.0000,52772,0,0.0000,0,-,-,-,-,15640.0000,15660.0000,14,5
ZC,CF705,2017-05-04 21:00:09.000,15660.0000,52772,0,0.0000,0,-,-,-,-,15640.0000,15660.0000,15,5
ZC,CF705,2017-05-04 21:00:09.000,15660.0000,52772,0,0.0000,0,-,-,-,-,15640.0000,15660.0000,16,5
ZC,CF705,2017-05-04 21:00:10.000,15660.0000,52772,0,0.0000,0,-,-,-,-,15640.0000,15660.0000,15,5
ZC,CF705,2017-05-04 21:00:11.000,15660.0000,52772,0,0.0000,0,-,-,-,-,15640.0000,15660.0000,17,5
ZC,CF705,2017-05-04 21:00:11.000,15660.0000,52772,0,0.0000,0,-,-,-,-,15640.0000,15660.0000,27,5
ZC,CF705,2017-05-04 21:00:12.000,15660.0000,52772,0,0.0000,0,-,-,-,-,15635.0000,15660.0000,18,5
ZC,CF705,2017-05-04 21:00:12.000,15660.0000,52772,0,0.0000,0,-,-,-,-,15635.0000,15660.0000,17,5
ZC,CF705,2017-05-04 21:00:13.000,15660.0000,52772,0,0.0000,0,-,-,-,-,15640.0000,15660.0000,3,5
ZC,CF705,2017-05-04 21:00:13.000,15660.0000,52772,0,0.0000,0,-,-,-,-,15640.0000,15660.0000,2,5
ZC,CF705,2017-05-04 21:00:14.000,15660.0000,52772,0,0.0000,0,-,-,-,-,15640.0000,15660.0000,1,5
ZC,CF705,2017-05-04 21:00:14.000,15660.0000,52772,0,0.0000,0,-,-,-,-,15635.0000,15660.0000,12,5
ZC,CF705,2017-05-04 21:00:15.000,15660.0000,52772,0,0.0000,0,-,-,-,-,15645.0000,15660.0000,33,5
ZC,CF705,2017-05-04 21:00:16.000,15660.0000,52772,0,0.0000,0,-,-,-,-,15645.0000,15660.0000,22,5
ZC,CF705,2017-05-04 21:00:17.000,15660.0000,52772,0,0.0000,0,-,-,-,-,15640.0000,15660.0000,13,5
ZC,CF705,2017-05-04 21:00:17.000,15660.0000,52772,0,0.0000,0,-,-,-,-,15640.0000,15660.0000,9,5
ZC,CF705,2017-05-04 21:00:18.000,15660.0000,52772,0,0.0000,0,-,-,-,-,15640.0000,15660.0000,5,5
ZC,CF705,2017-05-04 21:00:18.000,15660.0000,52772,0,0.0000,0,-,-,-,-,15640.0000,15660.0000,4,5
ZC,CF705,2017-05-04 21:00:19.000,15660.0000,52772,0,0.0000,0,-,-,-,-,15645.0000,15660.0000,1,5
ZC,CF705,2017-05-04 21:00:20.000,15660.0000,52772,0,0.0000,0,-,-,-,-,15645.0000,15660.0000,15,5
ZC,CF705,2017-05-04 21:00:20.000,15660.0000,52772,0,0.0000,0,-,-,-,-,15645.0000,15660.0000,13,5
ZC,CF705,2017-05-04 21:00:20.000,15660.0000,52772,0,0.0000,0,-,-,-,-,15645.0000,15660.0000,14,5
ZC,CF705,2017-05-04 21:00:22.000,15660.0000,52772,0,0.0000,0,-,-,-,-,15645.0000,15660.0000,13,5
ZC,CF705,2017-05-04 21:00:22.000,15660.0000,52772,0,0.0000,0,-,-,-,-,15650.0000,15660.0000,1,5
ZC,CF705,2017-05-04 21:00:22.000,15660.0000,52772,0,0.0000,0,-,-,-,-,15645.0000,15660.0000,14,5
ZC,CF705,2017-05-04 21:00:23.000,15660.0000,52772,0,0.0000,0,-,-,-,-,15655.0000,15660.0000,6,5
ZC,CF705,2017-05-04 21:00:23.000,15660.0000,52772,0,0.0000,0,-,-,-,-,15655.0000,15660.0000,4,5
ZC,CF705,2017-05-04 21:00:24.000,15660.0000,52772,0,0.0000,0,-,-,-,-,15650.0000,15660.0000,15,5
ZC,CF705,2017-05-04 21:00:25.000,15660.0000,52782,10,156600.0000,10,10,0,双开,B,15650.0000,15665.0000,13,10
ZC,CF705,2017-05-04 21:00:25.000,15660.0000,52782,0,0.0000,0,-,-,-,-,15650.0000,15665.0000,12,10
ZC,CF705,2017-05-04 21:00:26.000,15660.0000,52782,0,0.0000,0,-,-,-,-,15650.0000,15665.0000,19,10
ZC,CF705,2017-05-04 21:00:26.000,15660.0000,52782,0,0.0000,0,-,-,-,-,15650.0000,15665.0000,21,10
ZC,CF705,2017-05-04 21:00:27.000,15660.0000,52782,0,0.0000,0,-,-,-,-,15650.0000,15665.0000,18,10
ZC,CF705,2017-05-04 21:00:27.000,15660.0000,52782,0,0.0000,0,-,-,-,-,15645.0000,15665.0000,15,10
ZC,CF705,2017-05-04 21:00:28.000,15660.0000,52782,0,0.0000,0,-,-,-,-,15645.0000,15665.0000,20,10
ZC,CF705,2017-05-04 21:00:28.000,15660.0000,52782,0,0.0000,0,-,-,-,-,15645.0000,15665.0000,22,10
ZC,CF705,2017-05-04 21:00:28.000,15660.0000,52782,0,0.0000,0,-,-,-,-,15650.0000,15665.0000,1,10
ZC,CF705,2017-05-04 21:00:30.000,15660.0000,52782,0,0.0000,0,-,-,-,-,15645.0000,15665.0000,24,10
ZC,CF705,2017-05-04 21:00:31.000,15660.0000,52782,0,0.0000,0,-,-,-,-,15645.0000,15665.0000,21,10
ZC,CF705,2017-05-04 21:00:31.000,15660.0000,52782,0,0.0000,0,-,-,-,-,15645.0000,15665.0000,20,10
ZC,CF705,2017-05-04 21:00:31.000,15660.0000,52782,0,0.0000,0,-,-,-,-,15645.0000,15665.0000,10,10
ZC,CF705,2017-05-04 21:00:32.000,15660.0000,52782,0,0.0000,0,-,-,-,-,15645.0000,15665.0000,4,10
ZC,CF705,2017-05-04 21:00:33.000,15660.0000,52782,0,0.0000,0,-,-,-,-,15640.0000,15665.0000,35,15
ZC,CF705,2017-05-04 21:00:34.000,15660.0000,52782,0,0.0000,0,-,-,-,-,15650.0000,15665.0000,32,15
ZC,CF705,2017-05-04 21:00:40.000,15660.0000,52782,0,0.0000,0,-,-,-,-,15650.0000,15665.0000,32,13
ZC,CF705,2017-05-04 21:00:40.000,15660.0000,52782,0,0.0000,0,-,-,-,-,15650.0000,15665.0000,32,10
ZC,CF705,2017-05-04 21:00:40.000,15660.0000,52782,0,0.0000,0,-,-,-,-,15655.0000,15665.0000,32,10
ZC,CF705,2017-05-04 21:00:59.000,15660.0000,52782,0,0.0000,0,-,-,-,-,15650.0000,15665.0000,32,15
ZC,CF705,2017-05-04 21:01:16.000,15660.0000,52782,0,0.0000,0,-,-,-,-,15645.0000,15660.0000,19,5
ZC,CF705,2017-05-04 21:01:17.000,15660.0000,52782,0,0.0000,0,-,-,-,-,15640.0000,15655.0000,32,5
ZC,CF705,2017-05-04 21:01:17.000,15660.0000,52782,0,0.0000,0,-,-,-,-,15640.0000,15655.0000,32,2
ZC,CF705,2017-05-04 21:01:18.000,15660.0000,52782,0,0.0000,0,-,-,-,-,15640.0000,15655.0000,32,5
ZC,CF705,2017-05-04 21:01:18.000,15660.0000,52782,0,0.0000,0,-,-,-,-,15640.0000,15655.0000,32,1
ZC,CF705,2017-05-04 21:01:19.000,15660.0000,52782,0,0.0000,0,-,-,-,-,15640.0000,15655.0000,32,4
ZC,CF705,2017-05-04 21:01:20.000,15660.0000,52782,0,0.0000,0,-,-,-,-,15640.0000,15655.0000,12,4
ZC,CF705,2017-05-04 21:01:20.000,15660.0000,52782,0,0.0000,0,-,-,-,-,15640.0000,15655.0000,13,4
ZC,CF705,2017-05-04 21:01:21.000,15660.0000,52782,0,0.0000,0,-,-,-,-,15640.0000,15655.0000,14,4
ZC,CF705,2017-05-04 21:01:21.000,15660.0000,52782,0,0.0000,0,-,-,-,-,15640.0000,15655.0000,14,5
ZC,CF705,2017-05-04 21:01:22.000,15660.0000,52782,0,0.0000,0,-,-,-,-,15640.0000,15655.0000,12,5
ZC,CF705,2017-05-04 21:01:23.000,15660.0000,52782,0,0.0000,0,-,-,-,-,15640.0000,15655.0000,13,5
ZC,CF705,2017-05-04 21:01:23.000,15660.0000,52782,0,0.0000,0,-,-,-,-,15640.0000,15655.0000,24,5
ZC,CF705,2017-05-04 21:01:24.000,15660.0000,52782,0,0.0000,0,-,-,-,-,15640.0000,15655.0000,27,5
ZC,CF705,2017-05-04 21:01:24.000,15660.0000,52782,0,0.0000,0,-,-,-,-,15640.0000,15655.0000,23,5
ZC,CF705,2017-05-04 21:01:25.000,15660.0000,52782,0,0.0000,0,-,-,-,-,15640.0000,15655.0000,18,2
ZC,CF705,2017-05-04 21:01:25.000,15660.0000,52782,0,0.0000,0,-,-,-,-,15640.0000,15655.0000,10,4
ZC,CF705,2017-05-04 21:01:26.000,15660.0000,52782,0,0.0000,0,-,-,-,-,15640.0000,15655.0000,14,5
ZC,CF705,2017-05-04 21:01:26.000,15660.0000,52782,0,0.0000,0,-,-,-,-,15640.0000,15655.0000,11,5
ZC,CF705,2017-05-04 21:01:27.000,15660.0000,52782,0,0.0000,0,-,-,-,-,15635.0000,15650.0000,32,5
ZC,CF705,2017-05-04 21:01:28.000,15660.0000,52782,0,0.0000,0,-,-,-,-,15635.0000,15655.0000,32,5
ZC,CF705,2017-05-04 21:01:28.000,15660.0000,52782,0,0.0000,0,-,-,-,-,15640.0000,15655.0000,12,5
ZC,CF705,2017-05-04 21:01:29.000,15660.0000,52782,0,0.0000,0,-,-,-,-,15640.0000,15655.0000,26,5
ZC,CF705,2017-05-04 21:01:29.000,15660.0000,52782,0,0.0000,0,-,-,-,-,15640.0000,15655.0000,30,5
ZC,CF705,2017-05-04 21:01:30.000,15660.0000,52782,0,0.0000,0,-,-,-,-,15640.0000,15655.0000,26,5
ZC,CF705,2017-05-04 21:01:30.000,15660.0000,52782,0,0.0000,0,-,-,-,-,15640.0000,15655.0000,27,5
ZC,CF705,2017-05-04 21:01:31.000,15660.0000,52782,0,0.0000,0,-,-,-,-,15640.0000,15655.0000,32,5
ZC,CF705,2017-05-04 21:01:31.000,15660.0000,52782,0,0.0000,0,-,-,-,-,15640.0000,15655.0000,29,5
ZC,CF705,2017-05-04 21:01:31.000,15660.0000,52782,0,0.0000,0,-,-,-,-,15640.0000,15655.0000,28,5
ZC,CF705,2017-05-04 21:01:32.000,15660.0000,52782,0,0.0000,0,-,-,-,-,15640.0000,15655.0000,27,5
ZC,CF705,2017-05-04 21:01:33.000,15660.0000,52782,0,0.0000,0,-,-,-,-,15645.0000,15660.0000,21,5
ZC,CF705,2017-05-04 21:01:33.000,15660.0000,52782,0,0.0000,0,-,-,-,-,15645.0000,15660.0000,22,5
ZC,CF705,2017-05-04 21:01:34.000,15660.0000,52782,0,0.0000,0,-,-,-,-,15645.0000,15660.0000,32,5
ZC,CF705,2017-05-04 21:01:43.000,15660.0000,52782,0,0.0000,0,-,-,-,-,15650.0000,15665.0000,25,15
ZC,CF705,2017-05-04 21:01:44.000,15660.0000,52782,0,0.0000,0,-,-,-,-,15650.0000,15665.0000,32,15
ZC,CF705,2017-05-04 21:01:45.000,15660.0000,52782,0,0.0000,0,-,-,-,-,15650.0000,15665.0000,29,15
ZC,CF705,2017-05-04 21:01:46.000,15660.0000,52782,0,0.0000,0,-,-,-,-,15650.0000,15665.0000,27,15
ZC,CF705,2017-05-04 21:01:46.000,15660.0000,52782,0,0.0000,0,-,-,-,-,15650.0000,15665.0000,26,15
ZC,CF705,2017-05-04 21:01:47.000,15660.0000,52782,0,0.0000,0,-,-,-,-,15650.0000,15665.0000,23,15
ZC,CF705,2017-05-04 21:01:47.000,15660.0000,52782,0,0.0000,0,-,-,-,-,15650.0000,15665.0000,32,15
ZC,CF705,2017-05-04 21:01:48.000,15660.0000,52782,0,0.0000,0,-,-,-,-,15650.0000,15665.0000,31,15
ZC,CF705,2017-05-04 21:01:48.000,15660.0000,52782,0,0.0000,0,-,-,-,-,15650.0000,15665.0000,26,15
ZC,CF705,2017-05-04 21:01:49.000,15660.0000,52782,0,0.0000,0,-,-,-,-,15650.0000,15665.0000,22,15
ZC,CF705,2017-05-04 21:01:49.000,15660.0000,52782,0,0.0000,0,-,-,-,-,15650.0000,15665.0000,17,15
ZC,CF705,2017-05-04 21:01:50.000,15660.0000,52782,0,0.0000,0,-,-,-,-,15650.0000,15665.0000,27,15
ZC,CF705,2017-05-04 21:01:52.000,15660.0000,52782,0,0.0000,0,-,-,-,-,15650.0000,15665.0000,26,15
ZC,CF705,2017-05-04 21:01:52.000,15660.0000,52782,0,0.0000,0,-,-,-,-,15650.0000,15665.0000,25,15
ZC,CF705,2017-05-04 21:01:53.000,15660.0000,52782,0,0.0000,0,-,-,-,-,15650.0000,15665.0000,29,15
ZC,CF705,2017-05-04 21:01:53.000,15660.0000,52782,0,0.0000,0,-,-,-,-,15650.0000,15665.0000,32,15
ZC,CF705,2017-05-04 21:01:55.000,15660.0000,52782,0,0.0000,0,-,-,-,-,15650.0000,15665.0000,29,15
ZC,CF705,2017-05-04 21:01:56.000,15660.0000,52782,0,0.0000,0,-,-,-,-,15650.0000,15665.0000,27,15
ZC,CF705,2017-05-04 21:01:56.000,15660.0000,52782,0,0.0000,0,-,-,-,-,15650.0000,15665.0000,17,15
ZC,CF705,2017-05-04 21:01:57.000,15660.0000,52782,0,0.0000,0,-,-,-,-,15650.0000,15665.0000,18,15
ZC,CF705,2017-05-04 21:01:58.000,15660.0000,52782,0,0.0000,0,-,-,-,-,15650.0000,15665.0000,19,15
ZC,CF705,2017-05-04 21:01:58.000,15660.0000,52782,0,0.0000,0,-,-,-,-,15650.0000,15665.0000,17,15
ZC,CF705,2017-05-04 21:01:59.000,15660.0000,52782,0,0.0000,0,-,-,-,-,15650.0000,15665.0000,10,15
ZC,CF705,2017-05-04 21:01:59.000,15660.0000,52782,0,0.0000,0,-,-,-,-,15650.0000,15665.0000,11,15
ZC,CF705,2017-05-04 21:02:00.000,15660.0000,52782,0,0.0000,0,-,-,-,-,15650.0000,15665.0000,20,15
ZC,CF705,2017-05-04 21:02:00.000,15660.0000,52782,0,0.0000,0,-,-,-,-,15650.0000,15665.0000,22,15
ZC,CF705,2017-05-04 21:02:01.000,15660.0000,52782,0,0.0000,0,-,-,-,-,15650.0000,15665.0000,17,15
ZC,CF705,2017-05-04 21:02:02.000,15660.0000,52782,0,0.0000,0,-,-,-,-,15650.0000,15665.0000,15,15
ZC,CF705,2017-05-04 21:02:03.000,15660.0000,52782,0,0.0000,0,-,-,-,-,15650.0000,15665.0000,16,15
ZC,CF705,2017-05-04 21:02:04.000,15660.0000,52782,0,0.0000,0,-,-,-,-,15650.0000,15665.0000,14,15
ZC,CF705,2017-05-04 21:02:04.000,15660.0000,52782,0,0.0000,0,-,-,-,-,15650.0000,15665.0000,16,15
ZC,CF705,2017-05-04 21:02:06.000,15660.0000,52782,0,0.0000,0,-,-,-,-,15650.0000,15660.0000,16,20
ZC,CF705,2017-05-04 21:02:06.000,15660.0000,52782,0,0.0000,0,-,-,-,-,15650.0000,15660.0000,15,20
ZC,CF705,2017-05-04 21:02:06.000,15660.0000,52782,0,0.0000,0,-,-,-,-,15650.0000,15660.0000,14,20
ZC,CF705,2017-05-04 21:02:07.000,15660.0000,52782,0,0.0000,0,-,-,-,-,15650.0000,15660.0000,9,20
ZC,CF705,2017-05-04 21:02:08.000,15660.0000,52782,0,626400.0000,40,20,20,多换,S,15660.0000,15665.0000,12,10
ZC,CF705,2017-05-04 21:02:12.000,15660.0000,52782,0,0.0000,0,-,-,-,-,15655.0000,15665.0000,3,13
ZC,CF705,2017-05-04 21:02:13.000,15660.0000,52782,0,0.0000,0,-,-,-,-,15655.0000,15665.0000,8,13
ZC,CF705,2017-05-04 21:02:13.000,15660.0000,52782,0,0.0000,0,-,-,-,-,15655.0000,15665.0000,3,13
ZC,CF705,2017-05-04 21:02:15.000,15660.0000,52782,0,0.0000,0,-,-,-,-,15655.0000,15665.0000,4,13
ZC,CF705,2017-05-04 21:02:15.000,15660.0000,52782,0,0.0000,0,-,-,-,-,15655.0000,15665.0000,12,10
ZC,CF705,2017-05-04 21:02:16.000,15660.0000,52782,0,0.0000,0,-,-,-,-,15655.0000,15665.0000,12,13
ZC,CF705,2017-05-04 21:02:20.000,15660.0000,52782,0,0.0000,0,-,-,-,-,15650.0000,15660.0000,12,3
ZC,CF705,2017-05-04 21:02:25.000,15660.0000,52782,0,0.0000,0,-,-,-,-,15655.0000,15665.0000,10,13
ZC,CF705,2017-05-04 21:02:26.000,15660.0000,52782,0,0.0000,0,-,-,-,-,15655.0000,15665.0000,12,13
ZC,CF705,2017-05-04 21:02:32.000,15660.0000,52782,0,0.0000,0,-,-,-,-,15655.0000,15665.0000,4,13
ZC,CF705,2017-05-04 21:02:33.000,15660.0000,52782,0,0.0000,0,-,-,-,-,15655.0000,15660.0000,12,20
ZC,CF705,2017-05-04 21:02:38.000,15660.0000,52782,0,31320.0000,2,1,1,空换,B,15655.0000,15660.0000,11,19
ZC,CF705,2017-05-04 21:02:38.000,15660.0000,52782,0,31320.0000,2,1,1,空换,B,15650.0000,15660.0000,10,21
ZC,CF705,2017-05-04 21:02:56.000,15660.0000,52782,0,0.0000,0,-,-,-,-,15645.0000,15655.0000,10,3
ZC,CF705,2017-05-04 21:03:01.000,15660.0000,52782,0,0.0000,0,-,-,-,-,15645.0000,15660.0000,10,21
ZC,CF705,2017-05-04 21:03:02.000,15660.0000,52782,0,0.0000,0,-,-,-,-,15645.0000,15655.0000,10,3
ZC,CF705,2017-05-04 21:03:02.000,15660.0000,52782,0,0.0000,0,-,-,-,-,15640.0000,15650.0000,10,3
ZC,CF705,2017-05-04 21:03:10.000,15660.0000,52782,0,0.0000,0,-,-,-,-,15645.0000,15655.0000,10,3
ZC,CF705,2017-05-04 21:03:15.000,15660.0000,52782,0,0.0000,0,-,-,-,-,15640.0000,15655.0000,10,3
ZC,CF705,2017-05-04 21:03:18.000,15660.0000,52782,0,0.0000,0,-,-,-,-,15640.0000,15650.0000,10,3
ZC,CF705,2017-05-04 21:03:21.000,15640.0000,52782,0,31320.0000,2,1,1,多换,S,15640.0000,15650.0000,9,3
ZC,CF705,2017-05-04 21:03:33.000,15640.0000,52782,0,0.0000,0,-,-,-,-,15640.0000,15650.0000,7,3
ZC,CF705,2017-05-04 21:03:34.000,15640.0000,52782,0,0.0000,0,-,-,-,-,15640.0000,15650.0000,5,3
ZC,CF705,2017-05-04 21:03:35.000,15640.0000,52782,0,0.0000,0,-,-,-,-,15635.0000,15645.0000,9,3
ZC,CF705,2017-05-04 21:03:40.000,15640.0000,52782,0,0.0000,0,-,-,-,-,15630.0000,15640.0000,9,3
ZC,CF705,2017-05-04 21:03:41.000,15640.0000,52782,0,0.0000,0,-,-,-,-,15640.0000,15650.0000,9,3
ZC,CF705,2017-05-04 21:03:42.000,15640.0000,52782,0,0.0000,0,-,-,-,-,15630.0000,15640.0000,9,3
ZC,CF705,2017-05-04 21:03:42.000,15640.0000,52782,0,0.0000,0,-,-,-,-,15630.0000,15640.0000,9,2
ZC,CF705,2017-05-04 21:03:43.000,15640.0000,52782,0,0.0000,0,-,-,-,-,15625.0000,15635.0000,9,3
ZC,CF705,2017-05-04 21:03:44.000,15640.0000,52782,0,0.0000,0,-,-,-,-,15620.0000,15635.0000,9,3
ZC,CF705,2017-05-04 21:03:44.000,15640.0000,52782,0,0.0000,0,-,-,-,-,15625.0000,15635.0000,9,3
ZC,CF705,2017-05-04 21:03:50.000,15640.0000,52782,0,0.0000,0,-,-,-,-,15630.0000,15640.0000,7,3
ZC,CF705,2017-05-04 21:03:51.000,15640.0000,52782,0,0.0000,0,-,-,-,-,15630.0000,15640.0000,4,3
ZC,CF705,2017-05-04 21:03:51.000,15640.0000,52782,0,0.0000,0,-,-,-,-,15625.0000,15635.0000,9,1
ZC,CF705,2017-05-04 21:03:51.000,15640.0000,52782,0,0.0000,0,-,-,-,-,15630.0000,15640.0000,9,3
ZC,CF705,2017-05-04 21:03:54.000,15640.0000,52782,0,0.0000,0,-,-,-,-,15630.0000,15640.0000,4,3
ZC,CF705,2017-05-04 21:03:55.000,15640.0000,52782,0,0.0000,0,-,-,-,-,15630.0000,15640.0000,2,3
ZC,CF705,2017-05-04 21:03:55.000,15640.0000,52782,0,0.0000,0,-,-,-,-,15625.0000,15640.0000,9,3
ZC,CF705,2017-05-04 21:03:55.000,15640.0000,52782,0,0.0000,0,-,-,-,-,15630.0000,15640.0000,9,3
ZC,CF705,2017-05-04 21:03:57.000,15640.0000,52782,0,0.0000,0,-,-,-,-,15630.0000,15640.0000,6,3
ZC,CF705,2017-05-04 21:03:57.000,15640.0000,52782,0,0.0000,0,-,-,-,-,15625.0000,15640.0000,9,3
ZC,CF705,2017-05-04 21:03:58.000,15640.0000,52782,0,0.0000,0,-,-,-,-,15620.0000,15635.0000,9,2
ZC,CF705,2017-05-04 21:03:58.000,15640.0000,52782,0,0.0000,0,-,-,-,-,15625.0000,15635.0000,9,3
ZC,CF705,2017-05-04 21:04:00.000,15640.0000,52782,0,0.0000,0,-,-,-,-,15620.0000,15630.0000,9,3
ZC,CF705,2017-05-04 21:04:01.000,15640.0000,52782,0,0.0000,0,-,-,-,-,15615.0000,15625.0000,9,3
ZC,CF705,2017-05-04 21:04:02.000,15640.0000,52782,0,0.0000,0,-,-,-,-,15615.0000,15625.0000,8,3
ZC,CF705,2017-05-04 21:04:02.000,15640.0000,52782,0,0.0000,0,-,-,-,-,15610.0000,15620.0000,9,3
ZC,CF705,2017-05-04 21:04:04.000,15640.0000,52782,0,0.0000,0,-,-,-,-,15615.0000,15625.0000,9,3
ZC,CF705,2017-05-04 21:04:05.000,15640.0000,52782,0,0.0000,0,-,-,-,-,15610.0000,15620.0000,9,3
ZC,CF705,2017-05-04 21:04:06.000,15640.0000,52782,0,0.0000,0,-,-,-,-,15605.0000,15615.0000,9,3
ZC,CF705,2017-05-04 21:04:07.000,15640.0000,52782,0,0.0000,0,-,-,-,-,15595.0000,15605.0000,9,1
ZC,CF705,2017-05-04 21:04:08.000,15640.0000,52782,0,0.0000,0,-,-,-,-,15595.0000,15610.0000,9,3
ZC,CF705,2017-05-04 21:04:08.000,15640.0000,52782,0,0.0000,0,-,-,-,-,15600.0000,15610.0000,2,3
ZC,CF705,2017-05-04 21:04:09.000,15640.0000,52782,0,0.0000,0,-,-,-,-,15595.0000,15605.0000,9,1
ZC,CF705,2017-05-04 21:04:09.000,15640.0000,52782,0,0.0000,0,-,-,-,-,15595.0000,15605.0000,9,3
ZC,CF705,2017-05-04 21:04:11.000,15640.0000,52782,0,0.0000,0,-,-,-,-,15600.0000,15610.0000,4,3
ZC,CF705,2017-05-04 21:04:11.000,15640.0000,52782,0,0.0000,0,-,-,-,-,15590.0000,15600.0000,9,3
ZC,CF705,2017-05-04 21:04:13.000,15640.0000,52782,0,0.0000,0,-,-,-,-,15595.0000,15605.0000,2,3
ZC,CF705,2017-05-04 21:04:13.000,15640.0000,52782,0,0.0000,0,-,-,-,-,15595.0000,15605.0000,5,3
ZC,CF705,2017-05-04 21:04:14.000,15640.0000,52782,0,0.0000,0,-,-,-,-,15595.0000,15605.0000,9,3
ZC,CF705,2017-05-04 21:04:14.000,15640.0000,52782,0,0.0000,0,-,-,-,-,15595.0000,15610.0000,9,3
ZC,CF705,2017-05-04 21:04:17.000,15640.0000,52782,0,0.0000,0,-,-,-,-,15595.0000,15605.0000,9,3
ZC,CF705,2017-05-04 21:04:18.000,15640.0000,52782,0,0.0000,0,-,-,-,-,15600.0000,15610.0000,9,3
ZC,CF705,2017-05-04 21:04:19.000,15640.0000,52782,0,0.0000,0,-,-,-,-,15605.0000,15615.0000,9,3
ZC,CF705,2017-05-04 21:04:19.000,15640.0000,52782,0,0.0000,0,-,-,-,-,15600.0000,15610.0000,9,3
ZC,CF705,2017-05-04 21:04:20.000,15640.0000,52782,0,0.0000,0,-,-,-,-,15600.0000,15610.0000,2,3
ZC,CF705,2017-05-04 21:04:21.000,15640.0000,52782,0,0.0000,0,-,-,-,-,15600.0000,15610.0000,9,3
ZC,CF705,2017-05-04 21:04:21.000,15640.0000,52782,0,0.0000,0,-,-,-,-,15605.0000,15615.0000,1,3
ZC,CF705,2017-05-04 21:04:22.000,15640.0000,52782,0,0.0000,0,-,-,-,-,15600.0000,15615.0000,9,3
ZC,CF705,2017-05-04 21:04:22.000,15640.0000,52782,0,0.0000,0,-,-,-,-,15605.0000,15615.0000,6,3
ZC,CF705,2017-05-04 21:04:23.000,15640.0000,52782,0,0.0000,0,-,-,-,-,15605.0000,15620.0000,9,3
ZC,CF705,2017-05-04 21:04:24.000,15640.0000,52782,0,0.0000,0,-,-,-,-,15605.0000,15615.0000,8,3
ZC,CF705,2017-05-04 21:04:24.000,15640.0000,52782,0,0.0000,0,-,-,-,-,15605.0000,15615.0000,9,3
ZC,CF705,2017-05-04 21:04:26.000,15640.0000,52782,0,0.0000,0,-,-,-,-,15620.0000,15630.0000,9,4
ZC,CF705,2017-05-04 21:04:30.000,15640.0000,52782,0,0.0000,0,-,-,-,-,15615.0000,15625.0000,9,3
ZC,CF705,2017-05-04 21:04:38.000,15640.0000,52782,0,0.0000,0,-,-,-,-,15615.0000,15625.0000,7,3
ZC,CF705,2017-05-04 21:04:39.000,15640.0000,52782,0,0.0000,0,-,-,-,-,15610.0000,15620.0000,9,3
ZC,CF705,2017-05-04 21:04:40.000,15640.0000,52782,0,0.0000,0,-,-,-,-,15605.0000,15615.0000,9,3
ZC,CF705,2017-05-04 21:04:43.000,15640.0000,52782,0,0.0000,0,-,-,-,-,15605.0000,15620.0000,9,3
ZC,CF705,2017-05-04 21:04:44.000,15640.0000,52782,0,0.0000,0,-,-,-,-,15605.0000,15615.0000,9,1
ZC,CF705,2017-05-04 21:04:44.000,15640.0000,52782,0,0.0000,0,-,-,-,-,15605.0000,15620.0000,9,3
ZC,CF705,2017-05-04 21:04:45.000,15640.0000,52782,0,0.0000,0,-,-,-,-,15610.0000,15620.0000,5,3
ZC,CF705,2017-05-04 21:04:46.000,15640.0000,52782,0,0.0000,0,-,-,-,-,15605.0000,15620.0000,9,3
ZC,CF705,2017-05-04 21:04:46.000,15640.0000,52782,0,0.0000,0,-,-,-,-,15600.0000,15610.0000,9,3
ZC,CF705,2017-05-04 21:04:53.000,15640.0000,52782,0,0.0000,0,-,-,-,-,15605.0000,15615.0000,9,3
ZC,CF705,2017-05-04 21:04:54.000,15640.0000,52782,0,0.0000,0,-,-,-,-,15600.0000,15610.0000,9,3
ZC,CF705,2017-05-04 21:05:00.000,15640.0000,52782,0,0.0000,0,-,-,-,-,15605.0000,15615.0000,9,3
ZC,CF705,2017-05-04 21:05:01.000,15640.0000,52782,0,0.0000,0,-,-,-,-,15600.0000,15610.0000,9,3
ZC,CF705,2017-05-04 21:05:04.000,15640.0000,52782,0,0.0000,0,-,-,-,-,15595.0000,15605.0000,9,6
ZC,CF705,2017-05-04 21:05:05.000,15640.0000,52782,0,0.0000,0,-,-,-,-,15595.0000,15605.0000,9,8
ZC,CF705,2017-05-04 21:05:09.000,15640.0000,52782,0,0.0000,0,-,-,-,-,15595.0000,15605.0000,9,6
ZC,CF705,2017-05-04 21:05:09.000,15640.0000,52782,0,0.0000,0,-,-,-,-,15595.0000,15605.0000,9,8
ZC,CF705,2017-05-04 21:05:10.000,15640.0000,52782,0,0.0000,0,-,-,-,-,15600.0000,15605.0000,5,5
ZC,CF705,2017-05-04 21:05:10.000,15605.0000,52782,0,31320.0000,2,1,1,空换,B,15600.0000,15605.0000,8,4
ZC,CF705,2017-05-04 21:05:13.000,15605.0000,52782,0,30970.0000,2,1,1,空换,B,15600.0000,15605.0000,7,3
ZC,CF705,2017-05-04 21:05:14.000,15605.0000,52782,0,93550.0000,6,3,3,空换,B,15600.0000,15610.0000,4,3
ZC,CF705,2017-05-04 21:05:17.000,15605.0000,52782,0,0.0000,0,-,-,-,-,15605.0000,15615.0000,4,3
ZC,CF705,2017-05-04 21:05:18.000,15605.0000,52782,0,0.0000,0,-,-,-,-,15600.0000,15610.0000,4,3
ZC,CF705,2017-05-04 21:05:20.000,15605.0000,52782,0,0.0000,0,-,-,-,-,15600.0000,15615.0000,4,3
ZC,CF705,2017-05-04 21:05:21.000,15605.0000,52782,0,0.0000,0,-,-,-,-,15600.0000,15610.0000,4,3
ZC,CF705,2017-05-04 21:05:26.000,15605.0000,52782,0,0.0000,0,-,-,-,-,15605.0000,15615.0000,4,3
ZC,CF705,2017-05-04 21:05:30.000,15605.0000,52782,0,0.0000,0,-,-,-,-,15600.0000,15610.0000,4,3
ZC,CF705,2017-05-04 21:05:32.000,15605.0000,52782,0,0.0000,0,-,-,-,-,15605.0000,15615.0000,4,3
ZC,CF705,2017-05-04 21:05:43.000,15605.0000,52782,0,0.0000,0,-,-,-,-,15600.0000,15610.0000,4,3
ZC,CF705,2017-05-04 21:05:47.000,15605.0000,52782,0,0.0000,0,-,-,-,-,15605.0000,15615.0000,2,3
ZC,CF705,2017-05-04 21:05:49.000,15605.0000,52782,0,0.0000,0,-,-,-,-,15605.0000,15615.0000,4,3
ZC,CF705,2017-05-04 21:06:01.000,15605.0000,52782,0,0.0000,0,-,-,-,-,15600.0000,15610.0000,4,3
ZC,CF705,2017-05-04 21:06:05.000,15605.0000,52782,0,0.0000,0,-,-,-,-,15595.0000,15610.0000,4,3
ZC,CF705,2017-05-04 21:06:05.000,15605.0000,52782,0,0.0000,0,-,-,-,-,15595.0000,15605.0000,4,1
ZC,CF705,2017-05-04 21:06:06.000,15605.0000,52782,0,0.0000,0,-,-,-,-,15595.0000,15605.0000,4,3
ZC,CF705,2017-05-04 21:06:18.000,15605.0000,52782,0,0.0000,0,-,-,-,-,15600.0000,15610.0000,4,3
ZC,CF705,2017-05-04 21:06:23.000,15605.0000,52782,0,0.0000,0,-,-,-,-,15595.0000,15605.0000,4,3
ZC,CF705,2017-05-04 21:06:25.000,15605.0000,52782,0,0.0000,0,-,-,-,-,15595.0000,15605.0000,4,2
ZC,CF705,2017-05-04 21:06:26.000,15605.0000,52782,0,0.0000,0,-,-,-,-,15595.0000,15605.0000,4,1
ZC,CF705,2017-05-04 21:06:26.000,15605.0000,52782,0,0.0000,0,-,-,-,-,15595.0000,15610.0000,4,3
ZC,CF705,2017-05-04 21:06:27.000,15605.0000,52782,0,0.0000,0,-,-,-,-,15595.0000,15605.0000,4,1
ZC,CF705,2017-05-04 21:06:28.000,15605.0000,52782,0,0.0000,0,-,-,-,-,15595.0000,15610.0000,4,3
ZC,CF705,2017-05-04 21:06:29.000,15605.0000,52782,0,0.0000,0,-,-,-,-,15600.0000,15610.0000,1,3
ZC,CF705,2017-05-04 21:06:29.000,15605.0000,52782,0,0.0000,0,-,-,-,-,15595.0000,15610.0000,4,3
ZC,CF705,2017-05-04 21:06:30.000,15605.0000,52782,0,0.0000,0,-,-,-,-,15600.0000,15610.0000,4,3
ZC,CF705,2017-05-04 21:06:37.000,15605.0000,52782,0,0.0000,0,-,-,-,-,15605.0000,15615.0000,2,3
ZC,CF705,2017-05-04 21:06:37.000,15605.0000,52782,0,0.0000,0,-,-,-,-,15600.0000,15615.0000,4,3
ZC,CF705,2017-05-04 21:06:38.000,15605.0000,52782,0,0.0000,0,-,-,-,-,15600.0000,15610.0000,4,1
ZC,CF705,2017-05-04 21:06:39.000,15605.0000,52782,0,0.0000,0,-,-,-,-,15600.0000,15615.0000,4,3
ZC,CF705,2017-05-04 21:06:40.000,15605.0000,52782,0,0.0000,0,-,-,-,-,15600.0000,15610.0000,4,3
ZC,CF705,2017-05-04 21:06:42.000,15605.0000,52782,0,0.0000,0,-,-,-,-,15600.0000,15610.0000,4,1
ZC,CF705,2017-05-04 21:06:42.000,15605.0000,52782,0,0.0000,0,-,-,-,-,15600.0000,15610.0000,4,3
ZC,CF705,2017-05-04 21:06:44.000,15605.0000,52782,0,0.0000,0,-,-,-,-,15600.0000,15615.0000,4,3
ZC,CF705,2017-05-04 21:06:45.000,15605.0000,52782,0,0.0000,0,-,-,-,-,15605.0000,15615.0000,4,3
ZC,CF705,2017-05-04 21:07:13.000,15605.0000,52782,0,0.0000,0,-,-,-,-,15600.0000,15610.0000,4,3
ZC,CF705,2017-05-04 21:07:18.000,15605.0000,52782,0,0.0000,0,-,-,-,-,15595.0000,15605.0000,4,3
ZC,CF705,2017-05-04 21:07:25.000,15605.0000,52782,0,0.0000,0,-,-,-,-,15595.0000,15610.0000,4,3
ZC,CF705,2017-05-04 21:07:25.000,15605.0000,52782,0,0.0000,0,-,-,-,-,15600.0000,15610.0000,4,3
ZC,CF705,2017-05-04 21:07:32.000,15605.0000,52782,0,0.0000,0,-,-,-,-,15595.0000,15605.0000,4,3
ZC,CF705,2017-05-04 21:07:38.000,15605.0000,52782,0,0.0000,0,-,-,-,-,15600.0000,15610.0000,4,3
ZC,CF705,2017-05-04 21:07:41.000,15605.0000,52782,0,0.0000,0,-,-,-,-,15595.0000,15605.0000,4,3
ZC,CF705,2017-05-04 21:07:41.000,15605.0000,52782,0,0.0000,0,-,-,-,-,15595.0000,15600.0000,4,20
ZC,CF705,2017-05-04 21:07:45.000,15600.0000,52782,0,93900.0000,6,3,3,空换,B,15595.0000,15600.0000,1,17
ZC,CF705,2017-05-04 21:07:46.000,15600.0000,52782,0,30880.0000,2,1,1,空换,B,15585.0000,15600.0000,35,16
ZC,CF705,2017-05-04 21:07:47.000,15600.0000,52782,0,0.0000,0,-,-,-,-,15585.0000,15600.0000,29,16
ZC,CF705,2017-05-04 21:07:47.000,15600.0000,52782,0,0.0000,0,-,-,-,-,15585.0000,15600.0000,30,16
ZC,CF705,2017-05-04 21:07:49.000,15600.0000,52782,0,0.0000,0,-,-,-,-,15585.0000,15600.0000,28,16
ZC,CF705,2017-05-04 21:07:49.000,15600.0000,52782,0,0.0000,0,-,-,-,-,15585.0000,15600.0000,22,16
ZC,CF705,2017-05-04 21:07:49.000,15600.0000,52782,0,0.0000,0,-,-,-,-,15580.0000,15600.0000,35,19
ZC,CF705,2017-05-04 21:07:56.000,15600.0000,52782,0,0.0000,0,-,-,-,-,15585.0000,15600.0000,35,16
ZC,CF705,2017-05-04 21:07:57.000,15600.0000,52782,0,0.0000,0,-,-,-,-,15585.0000,15600.0000,26,16
ZC,CF705,2017-05-04 21:07:58.000,15600.0000,52782,0,0.0000,0,-,-,-,-,15585.0000,15600.0000,32,16
ZC,CF705,2017-05-04 21:07:58.000,15600.0000,52782,0,0.0000,0,-,-,-,-,15585.0000,15600.0000,31,16
ZC,CF705,2017-05-04 21:08:00.000,15600.0000,52782,0,0.0000,0,-,-,-,-,15585.0000,15600.0000,24,16
ZC,CF705,2017-05-04 21:08:00.000,15600.0000,52782,0,0.0000,0,-,-,-,-,15585.0000,15600.0000,23,16
ZC,CF705,2017-05-04 21:08:01.000,15600.0000,52782,0,0.0000,0,-,-,-,-,15585.0000,15600.0000,24,16
ZC,CF705,2017-05-04 21:08:01.000,15600.0000,52782,0,0.0000,0,-,-,-,-,15585.0000,15600.0000,10,16
ZC,CF705,2017-05-04 21:08:02.000,15600.0000,52782,0,0.0000,0,-,-,-,-,15585.0000,15600.0000,18,16
ZC,CF705,2017-05-04 21:08:02.000,15600.0000,52782,0,0.0000,0,-,-,-,-,15585.0000,15600.0000,14,16
ZC,CF705,2017-05-04 21:08:02.000,15600.0000,52782,0,0.0000,0,-,-,-,-,15580.0000,15600.0000,35,19
ZC,CF705,2017-05-04 21:08:13.000,15600.0000,52782,0,0.0000,0,-,-,-,-,15575.0000,15595.0000,35,3
ZC,CF705,2017-05-04 21:08:21.000,15600.0000,52782,0,0.0000,0,-,-,-,-,15570.0000,15590.0000,35,3
ZC,CF705,2017-05-04 21:08:29.000,15600.0000,52782,0,0.0000,0,-,-,-,-,15565.0000,15585.0000,35,3
ZC,CF705,2017-05-04 21:08:30.000,15600.0000,52782,0,0.0000,0,-,-,-,-,15565.0000,15585.0000,33,3
ZC,CF705,2017-05-04 21:08:31.000,15600.0000,52782,0,0.0000,0,-,-,-,-,15565.0000,15585.0000,2,3
ZC,CF705,2017-05-04 21:08:31.000,15600.0000,52782,0,0.0000,0,-,-,-,-,15560.0000,15585.0000,35,3
ZC,CF705,2017-05-04 21:08:32.000,15600.0000,52782,0,0.0000,0,-,-,-,-,15565.0000,15585.0000,4,3
ZC,CF705,2017-05-04 21:08:32.000,15600.0000,52782,0,0.0000,0,-,-,-,-,15565.0000,15585.0000,1,3
ZC,CF705,2017-05-04 21:08:32.000,15600.0000,52782,0,0.0000,0,-,-,-,-,15560.0000,15580.0000,35,3
ZC,CF705,2017-05-04 21:08:36.000,15600.0000,52782,0,0.0000,0,-,-,-,-,15555.0000,15575.0000,35,3
ZC,CF705,2017-05-04 21:08:37.000,15600.0000,52782,0,0.0000,0,-,-,-,-,15555.0000,15575.0000,4,3
ZC,CF705,2017-05-04 21:08:37.000,15600.0000,52782,0,0.0000,0,-,-,-,-,15550.0000,15570.0000,35,3
ZC,CF705,2017-05-04 21:08:37.000,15600.0000,52782,0,0.0000,0,-,-,-,-,15550.0000,15575.0000,35,3
ZC,CF705,2017-05-04 21:08:38.000,15600.0000,52782,0,0.0000,0,-,-,-,-,15550.0000,15570.0000,35,3
ZC,CF705,2017-05-04 21:08:40.000,15600.0000,52782,0,0.0000,0,-,-,-,-,15555.0000,15575.0000,5,3
ZC,CF705,2017-05-04 21:08:40.000,15600.0000,52782,0,0.0000,0,-,-,-,-,15555.0000,15575.0000,35,3
ZC,CF705,2017-05-04 21:08:42.000,15600.0000,52782,0,0.0000,0,-,-,-,-,15560.0000,15580.0000,23,3
ZC,CF705,2017-05-04 21:08:42.000,15600.0000,52782,0,0.0000,0,-,-,-,-,15560.0000,15580.0000,35,3
ZC,CF705,2017-05-04 21:08:44.000,15600.0000,52782,0,0.0000,0,-,-,-,-,15565.0000,15585.0000,35,3
ZC,CF705,2017-05-04 21:08:47.000,15600.0000,52782,0,0.0000,0,-,-,-,-,15565.0000,15585.0000,17,3
ZC,CF705,2017-05-04 21:08:48.000,15600.0000,52782,0,0.0000,0,-,-,-,-,15565.0000,15585.0000,4,3
ZC,CF705,2017-05-04 21:08:48.000,15600.0000,52782,0,0.0000,0,-,-,-,-,15560.0000,15585.0000,35,3
ZC,CF705,2017-05-04 21:08:49.000,15600.0000,52782,0,0.0000,0,-,-,-,-,15560.0000,15580.0000,35,1
ZC,CF705,2017-05-04 21:08:49.000,15600.0000,52782,0,0.0000,0,-,-,-,-,15560.0000,15580.0000,35,3
ZC,CF705,2017-05-04 21:08:50.000,15600.0000,52782,0,0.0000,0,-,-,-,-,15565.0000,15585.0000,15,3
ZC,CF705,2017-05-04 21:08:50.000,15600.0000,52782,0,0.0000,0,-,-,-,-,15565.0000,15585.0000,14,3
ZC,CF705,2017-05-04 21:08:51.000,15600.0000,52782,0,0.0000,0,-,-,-,-,15565.0000,15585.0000,15,3
ZC,CF705,2017-05-04 21:08:51.000,15600.0000,52782,0,0.0000,0,-,-,-,-,15565.0000,15585.0000,12,3
ZC,CF705,2017-05-04 21:08:52.000,15600.0000,52782,0,0.0000,0,-,-,-,-,15565.0000,15585.0000,11,3
ZC,CF705,2017-05-04 21:08:52.000,15600.0000,52782,0,0.0000,0,-,-,-,-,15565.0000,15585.0000,21,3
ZC,CF705,2017-05-04 21:08:53.000,15600.0000,52782,0,0.0000,0,-,-,-,-,15565.0000,15585.0000,30,3
ZC,CF705,2017-05-04 21:08:53.000,15600.0000,52782,0,0.0000,0,-,-,-,-,15565.0000,15585.0000,22,3
ZC,CF705,2017-05-04 21:08:54.000,15600.0000,52782,0,0.0000,0,-,-,-,-,15565.0000,15585.0000,24,3
ZC,CF705,2017-05-04 21:08:54.000,15600.0000,52782,0,0.0000,0,-,-,-,-,15565.0000,15585.0000,25,3
ZC,CF705,2017-05-04 21:08:55.000,15600.0000,52782,0,0.0000,0,-,-,-,-,15565.0000,15585.0000,20,3
ZC,CF705,2017-05-04 21:08:55.000,15600.0000,52782,0,0.0000,0,-,-,-,-,15565.0000,15585.0000,35,3
ZC,CF705,2017-05-04 21:09:00.000,15600.0000,52782,0,0.0000,0,-,-,-,-,15570.0000,15590.0000,35,3
ZC,CF705,2017-05-04 21:09:02.000,15600.0000,52782,0,0.0000,0,-,-,-,-,15565.0000,15590.0000,35,3
ZC,CF705,2017-05-04 21:09:03.000,15600.0000,52782,0,0.0000,0,-,-,-,-,15570.0000,15590.0000,19,3
ZC,CF705,2017-05-04 21:09:03.000,15600.0000,52782,0,0.0000,0,-,-,-,-,15575.0000,15595.0000,22,3
ZC,CF705,2017-05-04 21:09:04.000,15600.0000,52782,0,0.0000,0,-,-,-,-,15575.0000,15595.0000,24,3
ZC,CF705,2017-05-04 21:09:05.000,15600.0000,52782,0,0.0000,0,-,-,-,-,15575.0000,15595.0000,22,3
ZC,CF705,2017-05-04 21:09:05.000,15600.0000,52782,0,0.0000,0,-,-,-,-,15575.0000,15595.0000,16,3
ZC,CF705,2017-05-04 21:09:06.000,15600.0000,52782,0,0.0000,0,-,-,-,-,15575.0000,15595.0000,18,3
ZC,CF705,2017-05-04 21:09:07.000,15600.0000,52782,0,0.0000,0,-,-,-,-,15575.0000,15595.0000,17,3
ZC,CF705,2017-05-04 21:09:08.000,15600.0000,52782,0,0.0000,0,-,-,-,-,15575.0000,15595.0000,10,3
ZC,CF705,2017-05-04 21:09:08.000,15600.0000,52782,0,0.0000,0,-,-,-,-,15575.0000,15595.0000,9,3
ZC,CF705,2017-05-04 21:09:08.000,15600.0000,52782,0,0.0000,0,-,-,-,-,15575.0000,15595.0000,8,3
ZC,CF705,2017-05-04 21:09:10.000,15600.0000,52782,0,0.0000,0,-,-,-,-,15575.0000,15595.0000,9,3
ZC,CF705,2017-05-04 21:09:10.000,15600.0000,52782,0,0.0000,0,-,-,-,-,15575.0000,15595.0000,14,3
ZC,CF705,2017-05-04 21:09:11.000,15600.0000,52782,0,0.0000,0,-,-,-,-,15575.0000,15595.0000,22,3
ZC,CF705,2017-05-04 21:09:12.000,15600.0000,52782,0,0.0000,0,-,-,-,-,15575.0000,15595.0000,23,3
ZC,CF705,2017-05-04 21:09:12.000,15600.0000,52782,0,0.0000,0,-,-,-,-,15575.0000,15595.0000,25,3
ZC,CF705,2017-05-04 21:09:13.000,15600.0000,52782,0,0.0000,0,-,-,-,-,15575.0000,15595.0000,23,3
ZC,CF705,2017-05-04 21:09:13.000,15600.0000,52782,0,0.0000,0,-,-,-,-,15570.0000,15590.0000,21,3
ZC,CF705,2017-05-04 21:09:14.000,15600.0000,52782,0,0.0000,0,-,-,-,-,15570.0000,15590.0000,20,3
ZC,CF705,2017-05-04 21:09:14.000,15600.0000,52782,0,0.0000,0,-,-,-,-,15570.0000,15590.0000,22,3
ZC,CF705,2017-05-04 21:09:15.000,15600.0000,52782,0,0.0000,0,-,-,-,-,15570.0000,15590.0000,29,3
ZC,CF705,2017-05-04 21:09:15.000,15600.0000,52782,0,0.0000,0,-,-,-,-,15570.0000,15590.0000,32,3
ZC,CF705,2017-05-04 21:09:17.000,15600.0000,52782,0,0.0000,0,-,-,-,-,15570.0000,15590.0000,27,3
ZC,CF705,2017-05-04 21:09:18.000,15600.0000,52782,0,0.0000,0,-,-,-,-,15570.0000,15590.0000,24,3
ZC,CF705,2017-05-04 21:09:18.000,15600.0000,52782,0,0.0000,0,-,-,-,-,15570.0000,15590.0000,25,3
ZC,CF705,2017-05-04 21:09:18.000,15600.0000,52782,0,0.0000,0,-,-,-,-,15570.0000,15590.0000,26,3
ZC,CF705,2017-05-04 21:09:19.000,15600.0000,52782,0,0.0000,0,-,-,-,-,15570.0000,15590.0000,27,3
ZC,CF705,2017-05-04 21:09:20.000,15600.0000,52782,0,0.0000,0,-,-,-,-,15570.0000,15590.0000,5,3
ZC,CF705,2017-05-04 21:09:20.000,15600.0000,52782,0,0.0000,0,-,-,-,-,15565.0000,15585.0000,35,3
ZC,CF705,2017-05-04 21:09:25.000,15600.0000,52782,0,0.0000,0,-,-,-,-,15560.0000,15580.0000,35,3
ZC,CF705,2017-05-04 21:09:33.000,15600.0000,52782,0,0.0000,0,-,-,-,-,15565.0000,15585.0000,35,3
ZC,CF705,2017-05-04 21:09:37.000,15600.0000,52782,0,0.0000,0,-,-,-,-,15570.0000,15590.0000,35,3
ZC,CF705,2017-05-04 21:09:38.000,15600.0000,52782,0,0.0000,0,-,-,-,-,15565.0000,15585.0000,35,3
ZC,CF705,2017-05-04 21:09:47.000,15600.0000,52782,0,0.0000,0,-,-,-,-,15570.0000,15590.0000,35,3
ZC,CF705,2017-05-04 21:09:50.000,15600.0000,52782,0,0.0000,0,-,-,-,-,15570.0000,15590.0000,15,3
ZC,CF705,2017-05-04 21:09:50.000,15600.0000,52782,0,0.0000,0,-,-,-,-,15570.0000,15590.0000,5,3
ZC,CF705,2017-05-04 21:09:52.000,15600.0000,52782,0,0.0000,0,-,-,-,-,15575.0000,15595.0000,15,3
ZC,CF705,2017-05-04 21:09:52.000,15600.0000,52782,0,0.0000,0,-,-,-,-,15570.0000,15590.0000,8,3
ZC,CF705,2017-05-04 21:09:53.000,15600.0000,52782,0,0.0000,0,-,-,-,-,15565.0000,15585.0000,35,3
ZC,CF705,2017-05-04 21:09:56.000,15600.0000,52782,0,0.0000,0,-,-,-,-,15565.0000,15585.0000,24,3
ZC,CF705,2017-05-04 21:09:57.000,15600.0000,52782,0,0.0000,0,-,-,-,-,15565.0000,15585.0000,15,3
ZC,CF705,2017-05-04 21:09:57.000,15600.0000,52782,0,0.0000,0,-,-,-,-,15565.0000,15585.0000,20,3
ZC,CF705,2017-05-04 21:09:58.000,15600.0000,52782,0,0.0000,0,-,-,-,-,15565.0000,15585.0000,34,3
ZC,CF705,2017-05-04 21:09:58.000,15600.0000,52782,0,0.0000,0,-,-,-,-,15565.0000,15585.0000,35,3
ZC,CF705,2017-05-04 21:10:05.000,15600.0000,52782,0,0.0000,0,-,-,-,-,15560.0000,15580.0000,35,3
ZC,CF705,2017-05-04 21:10:12.000,15600.0000,52782,0,0.0000,0,-,-,-,-,15560.0000,15580.0000,23,3
ZC,CF705,2017-05-04 21:10:12.000,15600.0000,52782,0,0.0000,0,-,-,-,-,15555.0000,15575.0000,35,3
ZC,CF705,2017-05-04 21:10:15.000,15600.0000,52782,0,0.0000,0,-,-,-,-,15550.0000,15570.0000,35,3
ZC,CF705,2017-05-04 21:10:18.000,15600.0000,52782,0,0.0000,0,-,-,-,-,15550.0000,15570.0000,35,2
ZC,CF705,2017-05-04 21:10:18.000,15600.0000,52782,0,0.0000,0,-,-,-,-,15550.0000,15570.0000,35,3
ZC,CF705,2017-05-04 21:10:19.000,15600.0000,52782,0,0.0000,0,-,-,-,-,15550.0000,15570.0000,31,3
ZC,CF705,2017-05-04 21:10:19.000,15600.0000,52782,0,0.0000,0,-,-,-,-,15555.0000,15575.0000,35,3
ZC,CF705,2017-05-04 21:10:23.000,15600.0000,52782,0,0.0000,0,-,-,-,-,15550.0000,15570.0000,35,2
ZC,CF705,2017-05-04 21:10:23.000,15600.0000,52782,0,0.0000,0,-,-,-,-,15555.0000,15575.0000,3,3
ZC,CF705,2017-05-04 21:10:24.000,15600.0000,52782,0,0.0000,0,-,-,-,-,15550.0000,15570.0000,35,3
ZC,CF705,2017-05-04 21:10:24.000,15600.0000,52782,0,0.0000,0,-,-,-,-,15550.0000,15575.0000,35,3
ZC,CF705,2017-05-04 21:10:25.000,15600.0000,52782,0,0.0000,0,-,-,-,-,15550.0000,15570.0000,35,1
ZC,CF705,2017-05-04 21:10:25.000,15600.0000,52782,0,0.0000,0,-,-,-,-,15555.0000,15575.0000,1,3
ZC,CF705,2017-05-04 21:10:25.000,15600.0000,52782,0,0.0000,0,-,-,-,-,15550.0000,15570.0000,35,3
ZC,CF705,2017-05-04 21:10:26.000,15600.0000,52782,0,0.0000,0,-,-,-,-,15550.0000,15570.0000,27,3
ZC,CF705,2017-05-04 21:10:27.000,15600.0000,52782,0,0.0000,0,-,-,-,-,15550.0000,15570.0000,21,3
ZC,CF705,2017-05-04 21:10:28.000,15600.0000,52782,0,0.0000,0,-,-,-,-,15550.0000,15570.0000,18,3
ZC,CF705,2017-05-04 21:10:30.000,15600.0000,52782,0,0.0000,0,-,-,-,-,15550.0000,15570.0000,14,3
ZC,CF705,2017-05-04 21:10:31.000,15600.0000,52782,0,0.0000,0,-,-,-,-,15550.0000,15570.0000,2,3
ZC,CF705,2017-05-04 21:10:31.000,15600.0000,52782,0,0.0000,0,-,-,-,-,15550.0000,15570.0000,11,3
ZC,CF705,2017-05-04 21:10:32.000,15600.0000,52782,0,0.0000,0,-,-,-,-,15550.0000,15570.0000,31,3
ZC,CF705,2017-05-04 21:10:32.000,15600.0000,52782,0,0.0000,0,-,-,-,-,15550.0000,15570.0000,30,3
ZC,CF705,2017-05-04 21:10:33.000,15600.0000,52782,0,0.0000,0,-,-,-,-,15550.0000,15570.0000,28,3
ZC,CF705,2017-05-04 21:10:33.000,15600.0000,52782,0,0.0000,0,-,-,-,-,15550.0000,15570.0000,25,3
ZC,CF705,2017-05-04 21:10:33.000,15600.0000,52782,0,0.0000,0,-,-,-,-,15550.0000,15570.0000,23,3
ZC,CF705,2017-05-04 21:10:34.000,15600.0000,52782,0,0.0000,0,-,-,-,-,15550.0000,15570.0000,28,3
ZC,CF705,2017-05-04 21:10:35.000,15600.0000,52782,0,0.0000,0,-,-,-,-,15550.0000,15570.0000,18,3
ZC,CF705,2017-05-04 21:10:36.000,15600.0000,52782,0,0.0000,0,-,-,-,-,15545.0000,15570.0000,35,3
ZC,CF705,2017-05-04 21:10:36.000,15600.0000,52782,0,0.0000,0,-,-,-,-,15545.0000,15565.0000,35,3
ZC,CF705,2017-05-04 21:10:40.000,15600.0000,52782,0,0.0000,0,-,-,-,-,15535.0000,15560.0000,35,3
ZC,CF705,2017-05-04 21:10:40.000,15600.0000,52782,0,0.0000,0,-,-,-,-,15535.0000,15555.0000,35,3
ZC,CF705,2017-05-04 21:10:44.000,15600.0000,52782,0,0.0000,0,-,-,-,-,15535.0000,15555.0000,34,1
ZC,CF705,2017-05-04 21:10:44.000,15600.0000,52782,0,0.0000,0,-,-,-,-,15530.0000,15550.0000,35,2
ZC,CF705,2017-05-04 21:10:44.000,15600.0000,52782,0,0.0000,0,-,-,-,-,15530.0000,15550.0000,35,1
ZC,CF705,2017-05-04 21:10:45.000,15600.0000,52782,0,0.0000,0,-,-,-,-,15535.0000,15555.0000,15,3
ZC,CF705,2017-05-04 21:10:46.000,15600.0000,52782,0,0.0000,0,-,-,-,-,15535.0000,15555.0000,35,3
ZC,CF705,2017-05-04 21:10:47.000,15600.0000,52782,0,0.0000,0,-,-,-,-,15540.0000,15560.0000,27,3
ZC,CF705,2017-05-04 21:10:47.000,15600.0000,52782,0,0.0000,0,-,-,-,-,15540.0000,15560.0000,28,3
ZC,CF705,2017-05-04 21:10:47.000,15600.0000,52782,0,0.0000,0,-,-,-,-,15540.0000,15560.0000,35,3
ZC,CF705,2017-05-04 21:10:49.000,15600.0000,52782,0,0.0000,0,-,-,-,-,15540.0000,15560.0000,33,3
ZC,CF705,2017-05-04 21:10:50.000,15600.0000,52782,0,0.0000,0,-,-,-,-,15540.0000,15560.0000,34,3
ZC,CF705,2017-05-04 21:10:50.000,15600.0000,52782,0,0.0000,0,-,-,-,-,15540.0000,15560.0000,35,3
ZC,CF705,2017-05-04 21:10:51.000,15600.0000,52782,0,0.0000,0,-,-,-,-,15540.0000,15560.0000,34,3
ZC,CF705,2017-05-04 21:10:51.000,15600.0000,52782,0,0.0000,0,-,-,-,-,15540.0000,15560.0000,35,3
ZC,CF705,2017-05-04 21:10:52.000,15600.0000,52782,0,0.0000,0,-,-,-,-,15535.0000,15555.0000,35,3
ZC,CF705,2017-05-04 21:10:56.000,15600.0000,52782,0,0.0000,0,-,-,-,-,15535.0000,15555.0000,35,2
ZC,CF705,2017-05-04 21:10:57.000,15600.0000,52782,0,0.0000,0,-,-,-,-,15540.0000,15560.0000,2,3
ZC,CF705,2017-05-04 21:10:57.000,15600.0000,52782,0,0.0000,0,-,-,-,-,15535.0000,15560.0000,35,3
ZC,CF705,2017-05-04 21:10:58.000,15600.0000,52782,0,0.0000,0,-,-,-,-,15535.0000,15555.0000,35,1
ZC,CF705,2017-05-04 21:10:58.000,15600.0000,52782,0,0.0000,0,-,-,-,-,15535.0000,15555.0000,35,3
ZC,CF705,2017-05-04 21:11:02.000,15600.0000,52782,0,0.0000,0,-,-,-,-,15535.0000,15555.0000,5,3
ZC,CF705,2017-05-04 21:11:02.000,15600.0000,52782,0,0.0000,0,-,-,-,-,15535.0000,15555.0000,3,3
ZC,CF705,2017-05-04 21:11:02.000,15600.0000,52782,0,0.0000,0,-,-,-,-,15535.0000,15555.0000,35,3
ZC,CF705,2017-05-04 21:11:05.000,15600.0000,52782,0,0.0000,0,-,-,-,-,15540.0000,15560.0000,35,3
ZC,CF705,2017-05-04 21:11:13.000,15600.0000,52782,0,0.0000,0,-,-,-,-,15540.0000,15560.0000,14,3
ZC,CF705,2017-05-04 21:11:13.000,15600.0000,52782,0,0.0000,0,-,-,-,-,15540.0000,15560.0000,35,3
ZC,CF705,2017-05-04 21:11:15.000,15600.0000,52782,0,0.0000,0,-,-,-,-,15545.0000,15565.0000,28,3
ZC,CF705,2017-05-04 21:11:16.000,15600.0000,52782,0,0.0000,0,-,-,-,-,15545.0000,15565.0000,35,3
ZC,CF705,2017-05-04 21:11:18.000,15600.0000,52782,0,0.0000,0,-,-,-,-,15550.0000,15570.0000,15,3
ZC,CF705,2017-05-04 21:11:19.000,15600.0000,52782,0,0.0000,0,-,-,-,-,15550.0000,15570.0000,5,3
ZC,CF705,2017-05-04 21:11:20.000,15600.0000,52782,0,0.0000,0,-,-,-,-,15550.0000,15570.0000,6,3
ZC,CF705,2017-05-04 21:11:20.000,15600.0000,52782,0,0.0000,0,-,-,-,-,15550.0000,15570.0000,8,3
ZC,CF705,2017-05-04 21:11:20.000,15600.0000,52782,0,0.0000,0,-,-,-,-,15545.0000,15565.0000,35,3
ZC,CF705,2017-05-04 21:11:27.000,15600.0000,52782,0,0.0000,0,-,-,-,-,15550.0000,15570.0000,17,3
ZC,CF705,2017-05-04 21:11:28.000,15600.0000,52782,0,0.0000,0,-,-,-,-,15545.0000,15565.0000,35,3
ZC,CF705,2017-05-04 21:12:04.000,15600.0000,52782,0,0.0000,0,-,-,-,-,15540.0000,15565.0000,35,3
ZC,CF705,2017-05-04 21:12:05.000,15600.0000,52782,0,0.0000,0,-,-,-,-,15540.0000,15560.0000,35,3
ZC,CF705,2017-05-04 21:12:13.000,15600.0000,52782,0,0.0000,0,-,-,-,-,15540.0000,15565.0000,35,3
ZC,CF705,2017-05-04 21:12:13.000,15600.0000,52782,0,0.0000,0,-,-,-,-,15545.0000,15565.0000,2,3
ZC,CF705,2017-05-04 21:12:14.000,15600.0000,52782,0,0.0000,0,-,-,-,-,15540.0000,15565.0000,35,3
ZC,CF705,2017-05-04 21:12:15.000,15600.0000,52782,0,0.0000,0,-,-,-,-,15545.0000,15565.0000,6,3
ZC,CF705,2017-05-04 21:12:15.000,15600.0000,52782,0,0.0000,0,-,-,-,-,15545.0000,15565.0000,5,3
ZC,CF705,2017-05-04 21:12:16.000,15600.0000,52782,0,0.0000,0,-,-,-,-,15545.0000,15565.0000,9,3
ZC,CF705,2017-05-04 21:12:17.000,15600.0000,52782,0,0.0000,0,-,-,-,-,15545.0000,15565.0000,11,3
ZC,CF705,2017-05-04 21:12:17.000,15600.0000,52782,0,0.0000,0,-,-,-,-,15545.0000,15565.0000,12,3
ZC,CF705,2017-05-04 21:12:18.000,15600.0000,52782,0,0.0000,0,-,-,-,-,15545.0000,15565.0000,8,3
ZC,CF705,2017-05-04 21:12:19.000,15600.0000,52782,0,0.0000,0,-,-,-,-,15545.0000,15565.0000,16,3
ZC,CF705,2017-05-04 21:12:19.000,15600.0000,52782,0,0.0000,0,-,-,-,-,15545.0000,15565.0000,18,3
ZC,CF705,2017-05-04 21:12:20.000,15600.0000,52782,0,0.0000,0,-,-,-,-,15545.0000,15565.0000,25,3
ZC,CF705,2017-05-04 21:12:21.000,15600.0000,52782,0,0.0000,0,-,-,-,-,15545.0000,15565.0000,30,3
ZC,CF705,2017-05-04 21:12:21.000,15600.0000,52782,0,0.0000,0,-,-,-,-,15545.0000,15565.0000,27,3
ZC,CF705,2017-05-04 21:12:22.000,15600.0000,52782,0,0.0000,0,-,-,-,-,15545.0000,15565.0000,28,3
ZC,CF705,2017-05-04 21:12:23.000,15600.0000,52782,0,0.0000,0,-,-,-,-,15545.0000,15565.0000,35,3
ZC,CF705,2017-05-04 21:12:49.000,15565.0000,52776,-6,93420.0000,6,0,6,双平,B,15545.0000,15570.0000,35,5
ZC,CF705,2017-05-04 21:12:50.000,15565.0000,52776,0,0.0000,0,-,-,-,-,15535.0000,15560.0000,35,5
ZC,CF705,2017-05-04 21:12:53.000,15565.0000,52776,0,0.0000,0,-,-,-,-,15540.0000,15565.0000,35,1
ZC,CF705,2017-05-04 21:12:53.000,15565.0000,52776,0,0.0000,0,-,-,-,-,15540.0000,15565.0000,35,5
ZC,CF705,2017-05-04 21:13:01.000,15565.0000,52766,-10,155900.0000,10,0,10,双平,B,15540.0000,15565.0000,35,53
ZC,CF705,2017-05-04 21:13:01.000,15565.0000,52766,0,0.0000,0,-,-,-,-,15540.0000,15565.0000,35,56
ZC,CF705,2017-05-04 21:13:02.000,15565.0000,52766,0,0.0000,0,-,-,-,-,15540.0000,15565.0000,35,70
ZC,CF705,2017-05-04 21:13:02.000,15565.0000,52766,0,0.0000,0,-,-,-,-,15540.0000,15565.0000,35,29
ZC,CF705,2017-05-04 21:13:02.000,15565.0000,52766,0,0.0000,0,-,-,-,-,15540.0000,15565.0000,35,28
ZC,CF705,2017-05-04 21:13:03.000,15565.0000,52766,0,0.0000,0,-,-,-,-,15545.0000,15570.0000,19,80
ZC,CF705,2017-05-04 21:13:04.000,15565.0000,52766,0,0.0000,0,-,-,-,-,15545.0000,15570.0000,20,80
ZC,CF705,2017-05-04 21:13:04.000,15565.0000,52766,0,0.0000,0,-,-,-,-,15545.0000,15570.0000,19,80
ZC,CF705,2017-05-04 21:13:05.000,15565.0000,52766,0,0.0000,0,-,-,-,-,15545.0000,15570.0000,17,80
ZC,CF705,2017-05-04 21:13:05.000,15565.0000,52766,0,0.0000,0,-,-,-,-,15545.0000,15570.0000,35,80
ZC,CF705,2017-05-04 21:13:18.000,15565.0000,52766,0,0.0000,0,-,-,-,-,15540.0000,15565.0000,35,2
ZC,CF705,2017-05-04 21:13:19.000,15565.0000,52766,0,0.0000,0,-,-,-,-,15540.0000,15565.0000,35,5
ZC,CF705,2017-05-04 21:13:20.000,15565.0000,52766,0,0.0000,0,-,-,-,-,15540.0000,15565.0000,35,13
ZC,CF705,2017-05-04 21:13:20.000,15565.0000,52766,0,0.0000,0,-,-,-,-,15535.0000,15560.0000,35,65
ZC,CF705,2017-05-04 21:13:20.000,15565.0000,52766,0,0.0000,0,-,-,-,-,15535.0000,15560.0000,35,67
ZC,CF705,2017-05-04 21:13:21.000,15565.0000,52766,0,0.0000,0,-,-,-,-,15535.0000,15560.0000,35,61
ZC,CF705,2017-05-04 21:13:21.000,15565.0000,52766,0,0.0000,0,-,-,-,-,15535.0000,15560.0000,35,74
ZC,CF705,2017-05-04 21:13:23.000,15565.0000,52766,0,0.0000,0,-,-,-,-,15535.0000,15560.0000,35,73
ZC,CF705,2017-05-04 21:13:23.000,15565.0000,52766,0,0.0000,0,-,-,-,-,15535.0000,15560.0000,35,67
ZC,CF705,2017-05-04 21:13:24.000,15565.0000,52766,0,0.0000,0,-,-,-,-,15535.0000,15560.0000,35,57
ZC,CF705,2017-05-04 21:13:24.000,15565.0000,52766,0,0.0000,0,-,-,-,-,15535.0000,15560.0000,35,55
ZC,CF705,2017-05-04 21:13:25.000,15565.0000,52766,0,0.0000,0,-,-,-,-,15535.0000,15560.0000,35,54
ZC,CF705,2017-05-04 21:13:25.000,15565.0000,52766,0,0.0000,0,-,-,-,-,15535.0000,15560.0000,35,55
ZC,CF705,2017-05-04 21:13:26.000,15565.0000,52766,0,0.0000,0,-,-,-,-,15535.0000,15560.0000,35,54
ZC,CF705,2017-05-04 21:13:27.000,15565.0000,52766,0,0.0000,0,-,-,-,-,15535.0000,15560.0000,35,51
ZC,CF705,2017-05-04 21:13:27.000,15565.0000,52766,0,0.0000,0,-,-,-,-,15540.0000,15565.0000,8,21
ZC,CF705,2017-05-04 21:13:28.000,15565.0000,52766,0,0.0000,0,-,-,-,-,15535.0000,15560.0000,35,3
ZC,CF705,2017-05-04 21:13:28.000,15565.0000,52766,0,0.0000,0,-,-,-,-,15535.0000,15560.0000,35,80
ZC,CF705,2017-05-04 21:13:33.000,15565.0000,52766,0,0.0000,0,-,-,-,-,15540.0000,15565.0000,35,24
ZC,CF705,2017-05-04 21:13:33.000,15565.0000,52766,0,0.0000,0,-,-,-,-,15540.0000,15565.0000,35,23
ZC,CF705,2017-05-04 21:13:34.000,15565.0000,52766,0,0.0000,0,-,-,-,-,15540.0000,15565.0000,35,24
ZC,CF705,2017-05-04 21:13:34.000,15565.0000,52766,0,0.0000,0,-,-,-,-,15540.0000,15565.0000,35,22
ZC,CF705,2017-05-04 21:13:35.000,15565.0000,52766,0,0.0000,0,-,-,-,-,15540.0000,15565.0000,35,23
ZC,CF705,2017-05-04 21:13:36.000,15565.0000,52766,0,0.0000,0,-,-,-,-,15540.0000,15565.0000,35,22
ZC,CF705,2017-05-04 21:13:36.000,15565.0000,52766,0,0.0000,0,-,-,-,-,15540.0000,15565.0000,35,24
ZC,CF705,2017-05-04 21:13:37.000,15565.0000,52766,0,0.0000,0,-,-,-,-,15540.0000,15565.0000,35,28
ZC,CF705,2017-05-04 21:13:37.000,15565.0000,52766,0,0.0000,0,-,-,-,-,15540.0000,15565.0000,35,26
ZC,CF705,2017-05-04 21:13:38.000,15565.0000,52766,0,0.0000,0,-,-,-,-,15545.0000,15565.0000,8,25
ZC,CF705,2017-05-04 21:13:38.000,15565.0000,52766,0,0.0000,0,-,-,-,-,15545.0000,15565.0000,8,24
ZC,CF705,2017-05-04 21:13:39.000,15565.0000,52766,0,0.0000,0,-,-,-,-,15545.0000,15565.0000,8,22
ZC,CF705,2017-05-04 21:13:39.000,15565.0000,52766,0,0.0000,0,-,-,-,-,15545.0000,15565.0000,8,24
ZC,CF705,2017-05-04 21:13:40.000,15565.0000,52766,0,0.0000,0,-,-,-,-,15545.0000,15565.0000,8,15
ZC,CF705,2017-05-04 21:13:41.000,15565.0000,52766,0,0.0000,0,-,-,-,-,15545.0000,15565.0000,8,11
ZC,CF705,2017-05-04 21:13:41.000,15565.0000,52766,0,0.0000,0,-,-,-,-,15545.0000,15565.0000,8,14
ZC,CF705,2017-05-04 21:13:42.000,15565.0000,52766,0,0.0000,0,-,-,-,-,15545.0000,15565.0000,8,7
ZC,CF705,2017-05-04 21:13:45.000,15565.0000,52766,0,0.0000,0,-,-,-,-,15545.0000,15565.0000,8,27
ZC,CF705,2017-05-04 21:13:46.000,15565.0000,52766,0,0.0000,0,-,-,-,-,15545.0000,15565.0000,8,26
ZC,CF705,2017-05-04 21:13:46.000,15565.0000,52766,0,0.0000,0,-,-,-,-,15545.0000,15565.0000,8,25
ZC,CF705,2017-05-04 21:13:47.000,15565.0000,52766,0,0.0000,0,-,-,-,-,15545.0000,15565.0000,8,30
ZC,CF705,2017-05-04 21:13:48.000,15565.0000,52766,0,0.0000,0,-,-,-,-,15545.0000,15565.0000,8,29
ZC,CF705,2017-05-04 21:13:49.000,15565.0000,52766,0,0.0000,0,-,-,-,-,15545.0000,15565.0000,8,25
ZC,CF705,2017-05-04 21:13:50.000,15565.0000,52766,0,0.0000,0,-,-,-,-,15545.0000,15565.0000,8,24
ZC,CF705,2017-05-04 21:13:51.000,15565.0000,52766,0,0.0000,0,-,-,-,-,15545.0000,15565.0000,8,14
ZC,CF705,2017-05-04 21:13:52.000,15565.0000,52766,0,0.0000,0,-,-,-,-,15545.0000,15565.0000,8,9
ZC,CF705,2017-05-04 21:13:53.000,15565.0000,52766,0,0.0000,0,-,-,-,-,15545.0000,15565.0000,8,80
ZC,CF705,2017-05-04 21:14:00.000,15565.0000,52766,0,0.0000,0,-,-,-,-,15545.0000,15565.0000,7,80
ZC,CF705,2017-05-04 21:14:00.000,15565.0000,52766,0,0.0000,0,-,-,-,-,15545.0000,15565.0000,8,80
ZC,CF705,2017-05-04 21:14:03.000,15565.0000,52766,0,0.0000,0,-,-,-,-,15545.0000,15565.0000,3,80
ZC,CF705,2017-05-04 21:14:03.000,15565.0000,52766,0,0.0000,0,-,-,-,-,15540.0000,15565.0000,8,80
ZC,CF705,2017-05-04 21:14:04.000,15565.0000,52766,0,0.0000,0,-,-,-,-,15545.0000,15565.0000,1,80
ZC,CF705,2017-05-04 21:14:04.000,15565.0000,52766,0,0.0000,0,-,-,-,-,15540.0000,15565.0000,8,80
ZC,CF705,2017-05-04 21:14:05.000,15565.0000,52766,0,0.0000,0,-,-,-,-,15545.0000,15565.0000,1,80
ZC,CF705,2017-05-04 21:14:05.000,15565.0000,52766,0,0.0000,0,-,-,-,-,15540.0000,15560.0000,8,80
ZC,CF705,2017-05-04 21:14:30.000,15565.0000,52766,0,0.0000,0,-,-,-,-,15535.0000,15555.0000,8,28
ZC,CF705,2017-05-04 21:14:31.000,15565.0000,52766,0,0.0000,0,-,-,-,-,15535.0000,15555.0000,8,51
ZC,CF705,2017-05-04 21:14:31.000,15565.0000,52766,0,0.0000,0,-,-,-,-,15535.0000,15555.0000,8,80
ZC,CF705,2017-05-04 21:14:34.000,15565.0000,52766,0,0.0000,0,-,-,-,-,15535.0000,15555.0000,8,43
ZC,CF705,2017-05-04 21:14:35.000,15565.0000,52766,0,0.0000,0,-,-,-,-,15535.0000,15555.0000,8,53
ZC,CF705,2017-05-04 21:14:35.000,15565.0000,52766,0,0.0000,0,-,-,-,-,15535.0000,15555.0000,8,42
ZC,CF705,2017-05-04 21:14:36.000,15565.0000,52766,0,0.0000,0,-,-,-,-,15535.0000,15555.0000,8,41
ZC,CF705,2017-05-04 21:14:36.000,15565.0000,52766,0,0.0000,0,-,-,-,-,15540.0000,15560.0000,8,80
ZC,CF705,2017-05-04 21:14:36.000,15565.0000,52766,0,0.0000,0,-,-,-,-,15535.0000,15555.0000,8,48
ZC,CF705,2017-05-04 21:14:37.000,15565.0000,52766,0,0.0000,0,-,-,-,-,15535.0000,15555.0000,8,60
ZC,CF705,2017-05-04 21:14:38.000,15565.0000,52766,0,0.0000,0,-,-,-,-,15535.0000,15555.0000,8,54
ZC,CF705,2017-05-04 21:14:38.000,15565.0000,52766,0,0.0000,0,-,-,-,-,15535.0000,15555.0000,8,14
ZC,CF705,2017-05-04 21:14:39.000,15565.0000,52766,0,0.0000,0,-,-,-,-,15535.0000,15555.0000,8,9
ZC,CF705,2017-05-04 21:14:40.000,15565.0000,52766,0,0.0000,0,-,-,-,-,15535.0000,15555.0000,8,29
ZC,CF705,2017-05-04 21:14:40.000,15565.0000,52766,0,0.0000,0,-,-,-,-,15535.0000,15555.0000,8,27
ZC,CF705,2017-05-04 21:14:40.000,15565.0000,52766,0,0.0000,0,-,-,-,-,15535.0000,15555.0000,8,26
ZC,CF705,2017-05-04 21:14:42.000,15565.0000,52766,0,0.0000,0,-,-,-,-,15535.0000,15555.0000,8,32
ZC,CF705,2017-05-04 21:14:42.000,15565.0000,52766,0,0.0000,0,-,-,-,-,15535.0000,15555.0000,8,25
ZC,CF705,2017-05-04 21:14:43.000,15565.0000,52766,0,0.0000,0,-,-,-,-,15535.0000,15555.0000,8,23
ZC,CF705,2017-05-04 21:14:43.000,15565.0000,52766,0,0.0000,0,-,-,-,-,15535.0000,15555.0000,8,22
ZC,CF705,2017-05-04 21:14:44.000,15565.0000,52766,0,0.0000,0,-,-,-,-,15535.0000,15555.0000,8,23
ZC,CF705,2017-05-04 21:14:44.000,15565.0000,52766,0,0.0000,0,-,-,-,-,15535.0000,15555.0000,8,22
ZC,CF705,2017-05-04 21:14:45.000,15565.0000,52766,0,0.0000,0,-,-,-,-,15535.0000,15555.0000,8,35
ZC,CF705,2017-05-04 21:14:46.000,15565.0000,52766,0,0.0000,0,-,-,-,-,15535.0000,15555.0000,8,33
ZC,CF705,2017-05-04 21:14:46.000,15565.0000,52766,0,0.0000,0,-,-,-,-,15535.0000,15555.0000,8,29
ZC,CF705,2017-05-04 21:14:46.000,15565.0000,52766,0,0.0000,0,-,-,-,-,15535.0000,15555.0000,8,28
ZC,CF705,2017-05-04 21:14:48.000,15565.0000,52766,0,0.0000,0,-,-,-,-,15535.0000,15555.0000,8,29
ZC,CF705,2017-05-04 21:14:48.000,15565.0000,52766,0,0.0000,0,-,-,-,-,15535.0000,15555.0000,8,33
ZC,CF705,2017-05-04 21:14:48.000,15565.0000,52766,0,0.0000,0,-,-,-,-,15540.0000,15560.0000,8,80
ZC,CF705,2017-05-04 21:14:52.000,15565.0000,52766,0,0.0000,0,-,-,-,-,15540.0000,15560.0000,7,80
ZC,CF705,2017-05-04 21:14:53.000,15565.0000,52766,0,0.0000,0,-,-,-,-,15535.0000,15555.0000,8,12
ZC,CF705,2017-05-04 21:14:53.000,15565.0000,52766,0,0.0000,0,-,-,-,-,15535.0000,15555.0000,8,14
ZC,CF705,2017-05-04 21:14:54.000,15565.0000,52766,0,0.0000,0,-,-,-,-,15535.0000,15555.0000,8,7
ZC,CF705,2017-05-04 21:14:54.000,15565.0000,52766,0,0.0000,0,-,-,-,-,15535.0000,15555.0000,8,3
ZC,CF705,2017-05-04 21:14:55.000,15565.0000,52766,0,0.0000,0,-,-,-,-,15535.0000,15555.0000,8,4
ZC,CF705,2017-05-04 21:14:56.000,15565.0000,52766,0,0.0000,0,-,-,-,-,15535.0000,15555.0000,8,5
ZC,CF705,2017-05-04 21:14:56.000,15565.0000,52766,0,0.0000,0,-,-,-,-,15535.0000,15555.0000,8,8
ZC,CF705,2017-05-04 21:14:57.000,15565.0000,52766,0,0.0000,0,-,-,-,-,15535.0000,15555.0000,8,16
ZC,CF705,2017-05-04 21:14:57.000,15565.0000,52766,0,0.0000,0,-,-,-,-,15535.0000,15555.0000,8,13
ZC,CF705,2017-05-04 21:14:58.000,15565.0000,52766,0,0.0000,0,-,-,-,-,15535.0000,15555.0000,8,10
ZC,CF705,2017-05-04 21:14:58.000,15565.0000,52766,0,0.0000,0,-,-,-,-,15535.0000,15555.0000,8,14
ZC,CF705,2017-05-04 21:14:59.000,15565.0000,52766,0,0.0000,0,-,-,-,-,15535.0000,15555.0000,8,9
ZC,CF705,2017-05-04 21:15:00.000,15565.0000,52766,0,0.0000,0,-,-,-,-,15535.0000,15555.0000,8,8
ZC,CF705,2017-05-04 21:15:01.000,15565.0000,52766,0,0.0000,0,-,-,-,-,15535.0000,15555.0000,8,4
ZC,CF705,2017-05-04 21:15:02.000,15565.0000,52766,0,0.0000,0,-,-,-,-,15535.0000,15555.0000,8,20
ZC,CF705,2017-05-04 21:15:02.000,15565.0000,52766,0,0.0000,0,-,-,-,-,15535.0000,15555.0000,8,21
ZC,CF705,2017-05-04 21:15:03.000,15565.0000,52766,0,0.0000,0,-,-,-,-,15535.0000,15555.0000,8,36
ZC,CF705,2017-05-04 21:15:03.000,15565.0000,52766,0,0.0000,0,-,-,-,-,15535.0000,15555.0000,8,47
ZC,CF705,2017-05-04 21:15:04.000,15565.0000,52766,0,0.0000,0,-,-,-,-,15535.0000,15555.0000,8,58
ZC,CF705,2017-05-04 21:15:04.000,15565.0000,52766,0,0.0000,0,-,-,-,-,15535.0000,15555.0000,8,50
ZC,CF705,2017-05-04 21:15:05.000,15565.0000,52766,0,0.0000,0,-,-,-,-,15535.0000,15555.0000,8,53
ZC,CF705,2017-05-04 21:15:05.000,15565.0000,52766,0,0.0000,0,-,-,-,-,15535.0000,15555.0000,8,40
ZC,CF705,2017-05-04 21:15:06.000,15565.0000,52766,0,0.0000,0,-,-,-,-,15540.0000,15560.0000,6,80
ZC,CF705,2017-05-04 21:15:06.000,15565.0000,52766,0,0.0000,0,-,-,-,-,15540.0000,15560.0000,8,80
ZC,CF705,2017-05-04 21:15:07.000,15565.0000,52766,0,0.0000,0,-,-,-,-,15535.0000,15560.0000,8,80
ZC,CF705,2017-05-04 21:15:09.000,15565.0000,52766,0,0.0000,0,-,-,-,-,15540.0000,15560.0000,1,80
ZC,CF705,2017-05-04 21:15:10.000,15565.0000,52766,0,0.0000,0,-,-,-,-,15535.0000,15560.0000,8,80
ZC,CF705,2017-05-04 21:15:11.000,15565.0000,52766,0,0.0000,0,-,-,-,-,15540.0000,15560.0000,7,80
ZC,CF705,2017-05-04 21:15:11.000,15565.0000,52766,0,0.0000,0,-,-,-,-,15540.0000,15560.0000,5,80
ZC,CF705,2017-05-04 21:15:12.000,15565.0000,52766,0,0.0000,0,-,-,-,-,15540.0000,15560.0000,8,80
ZC,CF705,2017-05-04 21:15:13.000,15565.0000,52766,0,0.0000,0,-,-,-,-,15540.0000,15560.0000,7,80
ZC,CF705,2017-05-04 21:15:13.000,15565.0000,52766,0,0.0000,0,-,-,-,-,15540.0000,15560.0000,4,80
ZC,CF705,2017-05-04 21:15:14.000,15565.0000,52766,0,0.0000,0,-,-,-,-,15540.0000,15560.0000,5,80
ZC,CF705,2017-05-04 21:15:14.000,15565.0000,52766,0,0.0000,0,-,-,-,-,15540.0000,15560.0000,8,80
ZC,CF705,2017-05-04 21:15:18.000,15565.0000,52766,0,0.0000,0,-,-,-,-,15540.0000,15560.0000,8,77
ZC,CF705,2017-05-04 21:15:19.000,15565.0000,52766,0,0.0000,0,-,-,-,-,15540.0000,15560.0000,8,72
ZC,CF705,2017-05-04 21:15:19.000,15565.0000,52766,0,0.0000,0,-,-,-,-,15540.0000,15560.0000,8,66
ZC,CF705,2017-05-04 21:15:20.000,15565.0000,52766,0,0.0000,0,-,-,-,-,15540.0000,15560.0000,8,1
ZC,CF705,2017-05-04 21:15:20.000,15565.0000,52766,0,0.0000,0,-,-,-,-,15540.0000,15560.0000,8,4
ZC,CF705,2017-05-04 21:15:21.000,15565.0000,52766,0,0.0000,0,-,-,-,-,15545.0000,15565.0000,4,80
ZC,CF705,2017-05-04 21:15:21.000,15565.0000,52766,0,0.0000,0,-,-,-,-,15545.0000,15565.0000,8,80
ZC,CF705,2017-05-04 21:15:42.000,15565.0000,52766,0,0.0000,0,-,-,-,-,15550.0000,15570.0000,8,80
ZC,CF705,2017-05-04 21:16:31.000,15565.0000,52766,0,0.0000,0,-,-,-,-,15555.0000,15575.0000,8,77
ZC,CF705,2017-05-04 21:16:32.000,15565.0000,52766,0,0.0000,0,-,-,-,-,15555.0000,15575.0000,8,75
ZC,CF705,2017-05-04 21:16:32.000,15565.0000,52766,0,0.0000,0,-,-,-,-,15555.0000,15575.0000,8,70
ZC,CF705,2017-05-04 21:16:34.000,15565.0000,52766,0,0.0000,0,-,-,-,-,15555.0000,15575.0000,8,68
ZC,CF705,2017-05-04 21:16:36.000,15565.0000,52766,0,0.0000,0,-,-,-,-,15555.0000,15575.0000,8,67
ZC,CF705,2017-05-04 21:16:38.000,15565.0000,52766,0,0.0000,0,-,-,-,-,15555.0000,15575.0000,8,69
ZC,CF705,2017-05-04 21:16:39.000,15565.0000,52766,0,0.0000,0,-,-,-,-,15555.0000,15575.0000,8,68
ZC,CF705,2017-05-04 21:16:41.000,15565.0000,52766,0,0.0000,0,-,-,-,-,15555.0000,15575.0000,8,67
ZC,CF705,2017-05-04 21:16:41.000,15565.0000,52766,0,0.0000,0,-,-,-,-,15555.0000,15575.0000,8,66
ZC,CF705,2017-05-04 21:16:42.000,15565.0000,52766,0,0.0000,0,-,-,-,-,15555.0000,15575.0000,8,64
ZC,CF705,2017-05-04 21:16:42.000,15565.0000,52766,0,0.0000,0,-,-,-,-,15555.0000,15575.0000,8,67
ZC,CF705,2017-05-04 21:16:43.000,15565.0000,52766,0,0.0000,0,-,-,-,-,15555.0000,15575.0000,8,64
ZC,CF705,2017-05-04 21:16:43.000,15565.0000,52766,0,0.0000,0,-,-,-,-,15555.0000,15575.0000,8,66
ZC,CF705,2017-05-04 21:16:44.000,15565.0000,52766,0,0.0000,0,-,-,-,-,15555.0000,15575.0000,8,69
ZC,CF705,2017-05-04 21:16:45.000,15565.0000,52766,0,0.0000,0,-,-,-,-,15555.0000,15575.0000,8,77
ZC,CF705,2017-05-04 21:16:45.000,15565.0000,52766,0,0.0000,0,-,-,-,-,15555.0000,15575.0000,8,78
ZC,CF705,2017-05-04 21:16:46.000,15565.0000,52766,0,0.0000,0,-,-,-,-,15555.0000,15575.0000,8,75
ZC,CF705,2017-05-04 21:16:46.000,15565.0000,52766,0,0.0000,0,-,-,-,-,15555.0000,15575.0000,8,74
ZC,CF705,2017-05-04 21:16:47.000,15565.0000,52766,0,0.0000,0,-,-,-,-,15555.0000,15575.0000,8,73
ZC,CF705,2017-05-04 21:16:47.000,15565.0000,52766,0,0.0000,0,-,-,-,-,15555.0000,15575.0000,8,72
ZC,CF705,2017-05-04 21:16:48.000,15565.0000,52766,0,0.0000,0,-,-,-,-,15555.0000,15575.0000,8,28
ZC,CF705,2017-05-04 21:16:48.000,15565.0000,52766,0,0.0000,0,-,-,-,-,15550.0000,15570.0000,8,1
ZC,CF705,2017-05-04 21:16:49.000,15565.0000,52766,0,0.0000,0,-,-,-,-,15550.0000,15570.0000,8,10
ZC,CF705,2017-05-04 21:16:49.000,15565.0000,52766,0,0.0000,0,-,-,-,-,15550.0000,15570.0000,8,4
ZC,CF705,2017-05-04 21:16:50.000,15565.0000,52766,0,0.0000,0,-,-,-,-,15550.0000,15570.0000,8,3
ZC,CF705,2017-05-04 21:16:51.000,15565.0000,52766,0,0.0000,0,-,-,-,-,15550.0000,15575.0000,8,35
ZC,CF705,2017-05-04 21:16:51.000,15565.0000,52766,0,0.0000,0,-,-,-,-,15555.0000,15575.0000,4,37
ZC,CF705,2017-05-04 21:16:52.000,15565.0000,52766,0,0.0000,0,-,-,-,-,15555.0000,15575.0000,6,37
ZC,CF705,2017-05-04 21:16:52.000,15565.0000,52766,0,0.0000,0,-,-,-,-,15555.0000,15575.0000,8,37
ZC,CF705,2017-05-04 21:16:53.000,15565.0000,52766,0,0.0000,0,-,-,-,-,15555.0000,15575.0000,8,36
ZC,CF705,2017-05-04 21:16:53.000,15565.0000,52766,0,0.0000,0,-,-,-,-,15555.0000,15575.0000,8,34
ZC,CF705,2017-05-04 21:16:55.000,15565.0000,52766,0,0.0000,0,-,-,-,-,15555.0000,15575.0000,8,32
ZC,CF705,2017-05-04 21:16:56.000,15565.0000,52766,0,0.0000,0,-,-,-,-,15555.0000,15575.0000,8,34
ZC,CF705,2017-05-04 21:16:57.000,15565.0000,52766,0,0.0000,0,-,-,-,-,15555.0000,15575.0000,8,35
ZC,CF705,2017-05-04 21:16:57.000,15565.0000,52766,0,0.0000,0,-,-,-,-,15555.0000,15575.0000,8,32
ZC,CF705,2017-05-04 21:16:58.000,15565.0000,52766,0,0.0000,0,-,-,-,-,15555.0000,15575.0000,8,30
ZC,CF705,2017-05-04 21:16:58.000,15565.0000,52766,0,0.0000,0,-,-,-,-,15555.0000,15575.0000,8,26
ZC,CF705,2017-05-04 21:16:59.000,15565.0000,52766,0,0.0000,0,-,-,-,-,15555.0000,15575.0000,8,23
ZC,CF705,2017-05-04 21:16:59.000,15565.0000,52766,0,0.0000,0,-,-,-,-,15555.0000,15575.0000,8,22
ZC,CF705,2017-05-04 21:17:00.000,15565.0000,52766,0,0.0000,0,-,-,-,-,15555.0000,15575.0000,8,21
ZC,CF705,2017-05-04 21:17:00.000,15565.0000,52766,0,0.0000,0,-,-,-,-,15555.0000,15575.0000,8,19
ZC,CF705,2017-05-04 21:17:01.000,15565.0000,52766,0,0.0000,0,-,-,-,-,15555.0000,15575.0000,8,16
ZC,CF705,2017-05-04 21:17:01.000,15565.0000,52766,0,0.0000,0,-,-,-,-,15555.0000,15575.0000,8,20
ZC,CF705,2017-05-04 21:17:02.000,15565.0000,52766,0,0.0000,0,-,-,-,-,15555.0000,15575.0000,8,24
ZC,CF705,2017-05-04 21:17:03.000,15565.0000,52766,0,0.0000,0,-,-,-,-,15555.0000,15575.0000,8,23
ZC,CF705,2017-05-04 21:17:03.000,15565.0000,52766,0,0.0000,0,-,-,-,-,15555.0000,15575.0000,8,30
ZC,CF705,2017-05-04 21:17:04.000,15565.0000,52766,0,0.0000,0,-,-,-,-,15555.0000,15575.0000,8,26
ZC,CF705,2017-05-04 21:17:05.000,15565.0000,52766,0,0.0000,0,-,-,-,-,15555.0000,15575.0000,8,27
ZC,CF705,2017-05-04 21:17:07.000,15565.0000,52766,0,0.0000,0,-,-,-,-,15555.0000,15575.0000,8,25
ZC,CF705,2017-05-04 21:17:07.000,15565.0000,52766,0,0.0000,0,-,-,-,-,15555.0000,15575.0000,8,26
ZC,CF705,2017-05-04 21:17:08.000,15565.0000,52766,0,0.0000,0,-,-,-,-,15555.0000,15575.0000,8,32
ZC,CF705,2017-05-04 21:17:08.000,15565.0000,52766,0,0.0000,0,-,-,-,-,15555.0000,15575.0000,8,31
ZC,CF705,2017-05-04 21:17:09.000,15565.0000,52766,0,0.0000,0,-,-,-,-,15555.0000,15575.0000,8,41
ZC,CF705,2017-05-04 21:17:11.000,15565.0000,52766,0,0.0000,0,-,-,-,-,15555.0000,15575.0000,8,40
ZC,CF705,2017-05-04 21:17:12.000,15565.0000,52766,0,0.0000,0,-,-,-,-,15555.0000,15575.0000,8,39
ZC,CF705,2017-05-04 21:17:13.000,15565.0000,52766,0,0.0000,0,-,-,-,-,15555.0000,15575.0000,8,37
ZC,CF705,2017-05-04 21:17:13.000,15565.0000,52766,0,0.0000,0,-,-,-,-,15555.0000,15575.0000,8,39
ZC,CF705,2017-05-04 21:17:14.000,15565.0000,52766,0,0.0000,0,-,-,-,-,15555.0000,15575.0000,8,40
ZC,CF705,2017-05-04 21:17:14.000,15565.0000,52766,0,0.0000,0,-,-,-,-,15555.0000,15575.0000,8,39
ZC,CF705,2017-05-04 21:17:15.000,15565.0000,52766,0,0.0000,0,-,-,-,-,15555.0000,15575.0000,8,33
ZC,CF705,2017-05-04 21:17:16.000,15565.0000,52766,0,0.0000,0,-,-,-,-,15555.0000,15575.0000,8,59
ZC,CF705,2017-05-04 21:17:16.000,15565.0000,52766,0,0.0000,0,-,-,-,-,15555.0000,15575.0000,8,61
ZC,CF705,2017-05-04 21:17:17.000,15565.0000,52766,0,0.0000,0,-,-,-,-,15555.0000,15575.0000,8,58
ZC,CF705,2017-05-04 21:17:18.000,15565.0000,52766,0,0.0000,0,-,-,-,-,15555.0000,15575.0000,8,60
ZC,CF705,2017-05-04 21:17:18.000,15565.0000,52766,0,0.0000,0,-,-,-,-,15555.0000,15575.0000,8,59
ZC,CF705,2017-05-04 21:17:19.000,15565.0000,52766,0,0.0000,0,-,-,-,-,15555.0000,15575.0000,8,58
ZC,CF705,2017-05-04 21:17:20.000,15565.0000,52766,0,0.0000,0,-,-,-,-,15555.0000,15575.0000,8,57
ZC,CF705,2017-05-04 21:17:21.000,15565.0000,52766,0,0.0000,0,-,-,-,-,15555.0000,15575.0000,8,55
ZC,CF705,2017-05-04 21:17:21.000,15565.0000,52766,0,0.0000,0,-,-,-,-,15555.0000,15575.0000,8,51
ZC,CF705,2017-05-04 21:17:22.000,15565.0000,52766,0,0.0000,0,-,-,-,-,15555.0000,15575.0000,8,50
ZC,CF705,2017-05-04 21:17:23.000,15565.0000,52766,0,0.0000,0,-,-,-,-,15555.0000,15575.0000,8,31
ZC,CF705,2017-05-04 21:17:24.000,15565.0000,52766,0,0.0000,0,-,-,-,-,15555.0000,15575.0000,8,30
ZC,CF705,2017-05-04 21:17:26.000,15565.0000,52766,0,0.0000,0,-,-,-,-,15555.0000,15575.0000,8,31
ZC,CF705,2017-05-04 21:17:27.000,15565.0000,52766,0,0.0000,0,-,-,-,-,15555.0000,15575.0000,8,35
ZC,CF705,2017-05-04 21:17:28.000,15565.0000,52766,0,0.0000,0,-,-,-,-,15555.0000,15575.0000,8,37
ZC,CF705,2017-05-04 21:17:30.000,15565.0000,52766,0,0.0000,0,-,-,-,-,15555.0000,15575.0000,8,36
ZC,CF705,2017-05-04 21:17:32.000,15565.0000,52766,0,0.0000,0,-,-,-,-,15555.0000,15575.0000,8,37
ZC,CF705,2017-05-04 21:17:34.000,15565.0000,52766,0,0.0000,0,-,-,-,-,15555.0000,15575.0000,8,39
ZC,CF705,2017-05-04 21:17:34.000,15565.0000,52766,0,0.0000,0,-,-,-,-,15555.0000,15575.0000,8,32
ZC,CF705,2017-05-04 21:17:35.000,15565.0000,52766,0,0.0000,0,-,-,-,-,15555.0000,15575.0000,8,28
ZC,CF705,2017-05-04 21:17:35.000,15565.0000,52766,0,0.0000,0,-,-,-,-,15555.0000,15575.0000,8,27
ZC,CF705,2017-05-04 21:17:37.000,15565.0000,52766,0,0.0000,0,-,-,-,-,15555.0000,15575.0000,8,26
ZC,CF705,2017-05-04 21:17:38.000,15565.0000,52766,0,0.0000,0,-,-,-,-,15555.0000,15575.0000,8,27
ZC,CF705,2017-05-04 21:17:39.000,15565.0000,52766,0,0.0000,0,-,-,-,-,15555.0000,15575.0000,8,26
ZC,CF705,2017-05-04 21:17:40.000,15565.0000,52766,0,0.0000,0,-,-,-,-,15555.0000,15575.0000,8,24
ZC,CF705,2017-05-04 21:17:41.000,15565.0000,52766,0,0.0000,0,-,-,-,-,15555.0000,15575.0000,8,25
ZC,CF705,2017-05-04 21:17:41.000,15565.0000,52766,0,0.0000,0,-,-,-,-,15555.0000,15575.0000,8,23
ZC,CF705,2017-05-04 21:17:42.000,15565.0000,52766,0,0.0000,0,-,-,-,-,15555.0000,15575.0000,8,24
ZC,CF705,2017-05-04 21:17:43.000,15565.0000,52766,0,0.0000,0,-,-,-,-,15555.0000,15575.0000,8,25
ZC,CF705,2017-05-04 21:17:44.000,15565.0000,52766,0,0.0000,0,-,-,-,-,15555.0000,15575.0000,8,16
ZC,CF705,2017-05-04 21:17:44.000,15565.0000,52766,0,0.0000,0,-,-,-,-,15555.0000,15575.0000,8,18
ZC,CF705,2017-05-04 21:17:45.000,15565.0000,52766,0,0.0000,0,-,-,-,-,15555.0000,15575.0000,8,17
ZC,CF705,2017-05-04 21:17:45.000,15565.0000,52766,0,0.0000,0,-,-,-,-,15555.0000,15575.0000,8,28
ZC,CF705,2017-05-04 21:17:46.000,15565.0000,52766,0,0.0000,0,-,-,-,-,15555.0000,15575.0000,8,23
ZC,CF705,2017-05-04 21:17:47.000,15565.0000,52766,0,0.0000,0,-,-,-,-,15555.0000,15575.0000,8,24
ZC,CF705,2017-05-04 21:17:47.000,15565.0000,52766,0,0.0000,0,-,-,-,-,15555.0000,15575.0000,8,42
ZC,CF705,2017-05-04 21:17:48.000,15565.0000,52766,0,0.0000,0,-,-,-,-,15550.0000,15570.0000,8,22
ZC,CF705,2017-05-04 21:17:49.000,15565.0000,52766,0,0.0000,0,-,-,-,-,15550.0000,15570.0000,8,47
ZC,CF705,2017-05-04 21:17:50.000,15565.0000,52766,0,0.0000,0,-,-,-,-,15550.0000,15570.0000,8,49
ZC,CF705,2017-05-04 21:17:50.000,15565.0000,52766,0,0.0000,0,-,-,-,-,15550.0000,15570.0000,8,29
ZC,CF705,2017-05-04 21:17:52.000,15565.0000,52766,0,0.0000,0,-,-,-,-,15550.0000,15570.0000,8,34
ZC,CF705,2017-05-04 21:17:52.000,15565.0000,52766,0,0.0000,0,-,-,-,-,15550.0000,15570.0000,8,33
ZC,CF705,2017-05-04 21:17:53.000,15565.0000,52766,0,0.0000,0,-,-,-,-,15550.0000,15570.0000,8,17
ZC,CF705,2017-05-04 21:17:54.000,15565.0000,52766,0,0.0000,0,-,-,-,-,15555.0000,15575.0000,5,36
ZC,CF705,2017-05-04 21:17:54.000,15565.0000,52766,0,0.0000,0,-,-,-,-,15555.0000,15575.0000,5,30
ZC,CF705,2017-05-04 21:17:55.000,15565.0000,52766,0,0.0000,0,-,-,-,-,15555.0000,15575.0000,6,30
ZC,CF705,2017-05-04 21:17:56.000,15565.0000,52766,0,0.0000,0,-,-,-,-,15555.0000,15575.0000,8,40
ZC,CF705,2017-05-04 21:17:56.000,15565.0000,52766,0,0.0000,0,-,-,-,-,15555.0000,15575.0000,8,38
ZC,CF705,2017-05-04 21:17:57.000,15565.0000,52766,0,0.0000,0,-,-,-,-,15555.0000,15575.0000,8,37
ZC,CF705,2017-05-04 21:17:59.000,15565.0000,52766,0,0.0000,0,-,-,-,-,15555.0000,15575.0000,8,38
ZC,CF705,2017-05-04 21:18:00.000,15565.0000,52766,0,0.0000,0,-,-,-,-,15555.0000,15575.0000,8,40
ZC,CF705,2017-05-04 21:18:01.000,15565.0000,52766,0,0.0000,0,-,-,-,-,15555.0000,15575.0000,8,39
ZC,CF705,2017-05-04 21:18:02.000,15565.0000,52766,0,0.0000,0,-,-,-,-,15555.0000,15575.0000,8,42
ZC,CF705,2017-05-04 21:18:03.000,15565.0000,52766,0,0.0000,0,-,-,-,-,15555.0000,15575.0000,8,37
ZC,CF705,2017-05-04 21:18:03.000,15565.0000,52766,0,0.0000,0,-,-,-,-,15555.0000,15575.0000,8,39
ZC,CF705,2017-05-04 21:18:04.000,15565.0000,52766,0,0.0000,0,-,-,-,-,15555.0000,15575.0000,8,42
ZC,CF705,2017-05-04 21:18:05.000,15565.0000,52766,0,0.0000,0,-,-,-,-,15555.0000,15575.0000,8,40
ZC,CF705,2017-05-04 21:18:07.000,15565.0000,52766,0,0.0000,0,-,-,-,-,15555.0000,15575.0000,8,45
ZC,CF705,2017-05-04 21:18:07.000,15565.0000,52766,0,0.0000,0,-,-,-,-,15555.0000,15575.0000,8,46
ZC,CF705,2017-05-04 21:18:08.000,15565.0000,52766,0,0.0000,0,-,-,-,-,15555.0000,15575.0000,8,43
ZC,CF705,2017-05-04 21:18:09.000,15565.0000,52766,0,0.0000,0,-,-,-,-,15555.0000,15575.0000,8,40
ZC,CF705,2017-05-04 21:18:09.000,15565.0000,52766,0,0.0000,0,-,-,-,-,15555.0000,15575.0000,8,42
ZC,CF705,2017-05-04 21:18:10.000,15565.0000,52766,0,0.0000,0,-,-,-,-,15555.0000,15575.0000,8,43
ZC,CF705,2017-05-04 21:18:11.000,15565.0000,52766,0,0.0000,0,-,-,-,-,15555.0000,15575.0000,8,39
ZC,CF705,2017-05-04 21:18:12.000,15565.0000,52766,0,0.0000,0,-,-,-,-,15555.0000,15575.0000,8,36
ZC,CF705,2017-05-04 21:18:14.000,15565.0000,52766,0,0.0000,0,-,-,-,-,15555.0000,15575.0000,8,33
ZC,CF705,2017-05-04 21:18:15.000,15565.0000,52766,0,0.0000,0,-,-,-,-,15555.0000,15575.0000,8,49
ZC,CF705,2017-05-04 21:18:15.000,15565.0000,52766,0,0.0000,0,-,-,-,-,15555.0000,15575.0000,8,50
ZC,CF705,2017-05-04 21:18:16.000,15565.0000,52766,0,0.0000,0,-,-,-,-,15555.0000,15575.0000,8,49
ZC,CF705,2017-05-04 21:18:19.000,15565.0000,52766,0,0.0000,0,-,-,-,-,15555.0000,15575.0000,8,48
ZC,CF705,2017-05-04 21:18:20.000,15565.0000,52766,0,0.0000,0,-,-,-,-,15555.0000,15575.0000,8,47
ZC,CF705,2017-05-04 21:18:20.000,15565.0000,52766,0,0.0000,0,-,-,-,-,15555.0000,15575.0000,8,46
ZC,CF705,2017-05-04 21:18:21.000,15565.0000,52766,0,0.0000,0,-,-,-,-,15555.0000,15575.0000,8,47
ZC,CF705,2017-05-04 21:18:22.000,15565.0000,52766,0,0.0000,0,-,-,-,-,15555.0000,15575.0000,8,32
ZC,CF705,2017-05-04 21:18:23.000,15565.0000,52766,0,0.0000,0,-,-,-,-,15555.0000,15575.0000,8,31
ZC,CF705,2017-05-04 21:18:24.000,15565.0000,52766,0,0.0000,0,-,-,-,-,15555.0000,15575.0000,8,32
ZC,CF705,2017-05-04 21:18:25.000,15565.0000,52766,0,0.0000,0,-,-,-,-,15555.0000,15575.0000,8,34
ZC,CF705,2017-05-04 21:18:25.000,15565.0000,52766,0,0.0000,0,-,-,-,-,15555.0000,15575.0000,8,33
ZC,CF705,2017-05-04 21:18:27.000,15565.0000,52766,0,0.0000,0,-,-,-,-,15555.0000,15575.0000,8,31
ZC,CF705,2017-05-04 21:18:29.000,15565.0000,52766,0,0.0000,0,-,-,-,-,15555.0000,15580.0000,8,67
ZC,CF705,2017-05-04 21:18:29.000,15565.0000,52766,0,0.0000,0,-,-,-,-,15555.0000,15575.0000,8,5
ZC,CF705,2017-05-04 21:18:29.000,15565.0000,52766,0,0.0000,0,-,-,-,-,15560.0000,15580.0000,3,67
ZC,CF705,2017-05-04 21:18:30.000,15565.0000,52766,0,0.0000,0,-,-,-,-,15555.0000,15580.0000,8,67
ZC,CF705,2017-05-04 21:18:32.000,15565.0000,52766,0,0.0000,0,-,-,-,-,15555.0000,15575.0000,8,2
ZC,CF705,2017-05-04 21:18:34.000,15565.0000,52766,0,0.0000,0,-,-,-,-,15555.0000,15580.0000,8,73
ZC,CF705,2017-05-04 21:18:34.000,15565.0000,52766,0,0.0000,0,-,-,-,-,15555.0000,15580.0000,8,61
ZC,CF705,2017-05-04 21:18:34.000,15565.0000,52766,0,0.0000,0,-,-,-,-,15555.0000,15580.0000,8,63
ZC,CF705,2017-05-04 21:18:36.000,15565.0000,52766,0,0.0000,0,-,-,-,-,15560.0000,15580.0000,4,63
ZC,CF705,2017-05-04 21:18:36.000,15565.0000,52766,0,0.0000,0,-,-,-,-,15560.0000,15580.0000,6,63
ZC,CF705,2017-05-04 21:18:36.000,15565.0000,52766,0,0.0000,0,-,-,-,-,15560.0000,15580.0000,8,64
ZC,CF705,2017-05-04 21:18:37.000,15565.0000,52766,0,0.0000,0,-,-,-,-,15560.0000,15580.0000,8,63
ZC,CF705,2017-05-04 21:18:39.000,15565.0000,52766,0,0.0000,0,-,-,-,-,15560.0000,15580.0000,8,64
ZC,CF705,2017-05-04 21:18:40.000,15565.0000,52766,0,0.0000,0,-,-,-,-,15560.0000,15580.0000,8,62
ZC,CF705,2017-05-04 21:18:41.000,15565.0000,52766,0,0.0000,0,-,-,-,-,15560.0000,15580.0000,8,61
ZC,CF705,2017-05-04 21:18:42.000,15565.0000,52766,0,0.0000,0,-,-,-,-,15560.0000,15580.0000,8,65
ZC,CF705,2017-05-04 21:18:42.000,15565.0000,52766,0,0.0000,0,-,-,-,-,15560.0000,15580.0000,8,64
ZC,CF705,2017-05-04 21:18:44.000,15565.0000,52766,0,0.0000,0,-,-,-,-,15560.0000,15580.0000,8,63
ZC,CF705,2017-05-04 21:18:44.000,15565.0000,52766,0,0.0000,0,-,-,-,-,15560.0000,15580.0000,8,11
ZC,CF705,2017-05-04 21:18:45.000,15565.0000,52766,0,0.0000,0,-,-,-,-,15560.0000,15580.0000,8,21
ZC,CF705,2017-05-04 21:18:46.000,15565.0000,52766,0,0.0000,0,-,-,-,-,15560.0000,15580.0000,8,20
ZC,CF705,2017-05-04 21:18:47.000,15565.0000,52766,0,0.0000,0,-,-,-,-,15560.0000,15580.0000,8,21
ZC,CF705,2017-05-04 21:18:47.000,15565.0000,52766,0,0.0000,0,-,-,-,-,15560.0000,15580.0000,8,20
ZC,CF705,2017-05-04 21:18:48.000,15565.0000,52766,0,0.0000,0,-,-,-,-,15560.0000,15580.0000,8,19
ZC,CF705,2017-05-04 21:18:49.000,15565.0000,52766,0,0.0000,0,-,-,-,-,15560.0000,15580.0000,8,14
ZC,CF705,2017-05-04 21:18:50.000,15565.0000,52766,0,0.0000,0,-,-,-,-,15560.0000,15580.0000,8,17
ZC,CF705,2017-05-04 21:18:50.000,15565.0000,52766,0,0.0000,0,-,-,-,-,15560.0000,15580.0000,8,18
ZC,CF705,2017-05-04 21:18:51.000,15565.0000,52766,0,0.0000,0,-,-,-,-,15560.0000,15580.0000,8,16
ZC,CF705,2017-05-04 21:18:52.000,15565.0000,52766,0,0.0000,0,-,-,-,-,15560.0000,15580.0000,8,17
ZC,CF705,2017-05-04 21:18:52.000,15565.0000,52766,0,0.0000,0,-,-,-,-,15560.0000,15580.0000,8,13
ZC,CF705,2017-05-04 21:18:53.000,15565.0000,52766,0,0.0000,0,-,-,-,-,15560.0000,15580.0000,8,16
ZC,CF705,2017-05-04 21:18:53.000,15565.0000,52766,0,0.0000,0,-,-,-,-,15560.0000,15580.0000,8,14
ZC,CF705,2017-05-04 21:18:54.000,15565.0000,52766,0,0.0000,0,-,-,-,-,15560.0000,15580.0000,8,13
ZC,CF705,2017-05-04 21:18:55.000,15565.0000,52766,0,0.0000,0,-,-,-,-,15560.0000,15580.0000,8,12
ZC,CF705,2017-05-04 21:18:56.000,15565.0000,52766,0,0.0000,0,-,-,-,-,15560.0000,15580.0000,8,11
ZC,CF705,2017-05-04 21:18:58.000,15565.0000,52766,0,0.0000,0,-,-,-,-,15560.0000,15580.0000,8,10
ZC,CF705,2017-05-04 21:18:59.000,15565.0000,52766,0,0.0000,0,-,-,-,-,15560.0000,15580.0000,8,11
ZC,CF705,2017-05-04 21:18:59.000,15565.0000,52766,0,0.0000,0,-,-,-,-,15560.0000,15580.0000,8,10
ZC,CF705,2017-05-04 21:19:00.000,15565.0000,52766,0,0.0000,0,-,-,-,-,15560.0000,15580.0000,8,12
ZC,CF705,2017-05-04 21:19:00.000,15565.0000,52766,0,0.0000,0,-,-,-,-,15560.0000,15580.0000,8,11
ZC,CF705,2017-05-04 21:19:01.000,15565.0000,52766,0,0.0000,0,-,-,-,-,15560.0000,15580.0000,8,12
ZC,CF705,2017-05-04 21:19:02.000,15565.0000,52766,0,0.0000,0,-,-,-,-,15560.0000,15580.0000,8,11
ZC,CF705,2017-05-04 21:19:02.000,15565.0000,52766,0,0.0000,0,-,-,-,-,15560.0000,15580.0000,8,15
ZC,CF705,2017-05-04 21:19:02.000,15565.0000,52766,0,0.0000,0,-,-,-,-,15560.0000,15580.0000,8,16
ZC,CF705,2017-05-04 21:19:04.000,15565.0000,52766,0,0.0000,0,-,-,-,-,15560.0000,15580.0000,8,14
ZC,CF705,2017-05-04 21:19:04.000,15565.0000,52766,0,0.0000,0,-,-,-,-,15560.0000,15580.0000,8,18
ZC,CF705,2017-05-04 21:19:05.000,15565.0000,52766,0,0.0000,0,-,-,-,-,15560.0000,15580.0000,8,19
ZC,CF705,2017-05-04 21:19:06.000,15565.0000,52766,0,0.0000,0,-,-,-,-,15560.0000,15580.0000,8,18
ZC,CF705,2017-05-04 21:19:06.000,15565.0000,52766,0,0.0000,0,-,-,-,-,15560.0000,15580.0000,8,21
ZC,CF705,2017-05-04 21:19:07.000,15565.0000,52766,0,0.0000,0,-,-,-,-,15560.0000,15580.0000,8,18
ZC,CF705,2017-05-04 21:19:08.000,15565.0000,52766,0,0.0000,0,-,-,-,-,15560.0000,15580.0000,8,17
ZC,CF705,2017-05-04 21:19:08.000,15565.0000,52766,0,0.0000,0,-,-,-,-,15560.0000,15580.0000,8,23
ZC,CF705,2017-05-04 21:19:09.000,15565.0000,52766,0,0.0000,0,-,-,-,-,15560.0000,15580.0000,8,24
ZC,CF705,2017-05-04 21:19:09.000,15565.0000,52766,0,0.0000,0,-,-,-,-,15560.0000,15580.0000,8,23
ZC,CF705,2017-05-04 21:19:10.000,15565.0000,52766,0,0.0000,0,-,-,-,-,15560.0000,15580.0000,8,24
ZC,CF705,2017-05-04 21:19:10.000,15565.0000,52766,0,0.0000,0,-,-,-,-,15560.0000,15580.0000,8,26
ZC,CF705,2017-05-04 21:19:12.000,15565.0000,52766,0,0.0000,0,-,-,-,-,15560.0000,15580.0000,8,27
ZC,CF705,2017-05-04 21:19:12.000,15565.0000,52766,0,0.0000,0,-,-,-,-,15560.0000,15580.0000,8,28
ZC,CF705,2017-05-04 21:19:13.000,15565.0000,52766,0,0.0000,0,-,-,-,-,15560.0000,15580.0000,8,29
ZC,CF705,2017-05-04 21:19:13.000,15565.0000,52766,0,0.0000,0,-,-,-,-,15560.0000,15580.0000,8,31
ZC,CF705,2017-05-04 21:19:14.000,15565.0000,52766,0,0.0000,0,-,-,-,-,15555.0000,15575.0000,8,16
ZC,CF705,2017-05-04 21:19:14.000,15565.0000,52766,0,0.0000,0,-,-,-,-,15555.0000,15575.0000,8,20
ZC,CF705,2017-05-04 21:19:15.000,15565.0000,52766,0,0.0000,0,-,-,-,-,15555.0000,15575.0000,8,19
ZC,CF705,2017-05-04 21:19:16.000,15565.0000,52766,0,0.0000,0,-,-,-,-,15555.0000,15575.0000,8,21
ZC,CF705,2017-05-04 21:19:16.000,15565.0000,52766,0,0.0000,0,-,-,-,-,15555.0000,15575.0000,8,25
ZC,CF705,2017-05-04 21:19:17.000,15565.0000,52766,0,0.0000,0,-,-,-,-,15555.0000,15575.0000,8,20
ZC,CF705,2017-05-04 21:19:17.000,15565.0000,52766,0,0.0000,0,-,-,-,-,15555.0000,15575.0000,8,21
ZC,CF705,2017-05-04 21:19:18.000,15565.0000,52766,0,0.0000,0,-,-,-,-,15555.0000,15575.0000,8,23
ZC,CF705,2017-05-04 21:19:18.000,15565.0000,52766,0,0.0000,0,-,-,-,-,15555.0000,15575.0000,8,13
ZC,CF705,2017-05-04 21:19:20.000,15565.0000,52766,0,0.0000,0,-,-,-,-,15555.0000,15575.0000,8,12
ZC,CF705,2017-05-04 21:19:21.000,15565.0000,52766,0,0.0000,0,-,-,-,-,15555.0000,15575.0000,8,7
ZC,CF705,2017-05-04 21:19:22.000,15565.0000,52766,0,0.0000,0,-,-,-,-,15555.0000,15575.0000,8,6
ZC,CF705,2017-05-04 21:19:23.000,15565.0000,52766,0,0.0000,0,-,-,-,-,15555.0000,15575.0000,8,58
ZC,CF705,2017-05-04 21:19:23.000,15565.0000,52766,0,0.0000,0,-,-,-,-,15555.0000,15575.0000,8,59
ZC,CF705,2017-05-04 21:19:24.000,15565.0000,52766,0,0.0000,0,-,-,-,-,15555.0000,15575.0000,8,61
ZC,CF705,2017-05-04 21:19:25.000,15565.0000,52766,0,0.0000,0,-,-,-,-,15555.0000,15575.0000,8,63
ZC,CF705,2017-05-04 21:19:25.000,15565.0000,52766,0,0.0000,0,-,-,-,-,15555.0000,15575.0000,8,64
ZC,CF705,2017-05-04 21:19:27.000,15565.0000,52766,0,0.0000,0,-,-,-,-,15555.0000,15575.0000,8,66
ZC,CF705,2017-05-04 21:19:28.000,15565.0000,52766,0,0.0000,0,-,-,-,-,15555.0000,15575.0000,8,69
ZC,CF705,2017-05-04 21:19:31.000,15565.0000,52766,0,0.0000,0,-,-,-,-,15555.0000,15575.0000,8,71
ZC,CF705,2017-05-04 21:19:32.000,15565.0000,52766,0,0.0000,0,-,-,-,-,15555.0000,15575.0000,8,68
ZC,CF705,2017-05-04 21:19:33.000,15565.0000,52766,0,0.0000,0,-,-,-,-,15555.0000,15575.0000,8,69
ZC,CF705,2017-05-04 21:19:33.000,15565.0000,52766,0,0.0000,0,-,-,-,-,15555.0000,15575.0000,8,67
ZC,CF705,2017-05-04 21:19:35.000,15565.0000,52766,0,0.0000,0,-,-,-,-,15555.0000,15575.0000,8,68
ZC,CF705,2017-05-04 21:19:35.000,15565.0000,52766,0,0.0000,0,-,-,-,-,15555.0000,15575.0000,8,69
ZC,CF705,2017-05-04 21:19:36.000,15565.0000,52766,0,0.0000,0,-,-,-,-,15550.0000,15570.0000,8,80
ZC,CF705,2017-05-04 21:19:43.000,15565.0000,52766,0,0.0000,0,-,-,-,-,15550.0000,15570.0000,8,51
ZC,CF705,2017-05-04 21:19:43.000,15565.0000,52766,0,0.0000,0,-,-,-,-,15550.0000,15570.0000,8,49
ZC,CF705,2017-05-04 21:19:44.000,15565.0000,52766,0,0.0000,0,-,-,-,-,15550.0000,15570.0000,8,29
ZC,CF705,2017-05-04 21:19:45.000,15565.0000,52766,0,0.0000,0,-,-,-,-,15550.0000,15570.0000,8,30
ZC,CF705,2017-05-04 21:19:47.000,15565.0000,52766,0,0.0000,0,-,-,-,-,15550.0000,15570.0000,8,29
ZC,CF705,2017-05-04 21:19:47.000,15565.0000,52766,0,0.0000,0,-,-,-,-,15550.0000,15570.0000,8,80
ZC,CF705,2017-05-04 21:19:53.000,15565.0000,52766,0,0.0000,0,-,-,-,-,15545.0000,15565.0000,8,11
ZC,CF705,2017-05-04 21:19:54.000,15565.0000,52766,0,0.0000,0,-,-,-,-,15545.0000,15565.0000,8,17
ZC,CF705,2017-05-04 21:19:54.000,15565.0000,52766,0,0.0000,0,-,-,-,-,15545.0000,15565.0000,8,18
ZC,CF705,2017-05-04 21:19:55.000,15565.0000,52766,0,0.0000,0,-,-,-,-,15545.0000,15565.0000,8,27
ZC,CF705,2017-05-04 21:19:55.000,15565.0000,52766,0,0.0000,0,-,-,-,-,15545.0000,15565.0000,8,28
ZC,CF705,2017-05-04 21:19:56.000,15565.0000,52766,0,0.0000,0,-,-,-,-,15540.0000,15560.0000,8,34
ZC,CF705,2017-05-04 21:19:56.000,15565.0000,52766,0,0.0000,0,-,-,-,-,15540.0000,15560.0000,8,4
ZC,CF705,2017-05-04 21:19:57.000,15565.0000,52766,0,0.0000,0,-,-,-,-,15540.0000,15560.0000,8,3
ZC,CF705,2017-05-04 21:19:58.000,15565.0000,52766,0,0.0000,0,-,-,-,-,15545.0000,15565.0000,1,13
ZC,CF705,2017-05-04 21:19:58.000,15565.0000,52766,0,0.0000,0,-,-,-,-,15545.0000,15565.0000,6,14
ZC,CF705,2017-05-04 21:19:58.000,15565.0000,52766,0,0.0000,0,-,-,-,-,15545.0000,15565.0000,4,14
ZC,CF705,2017-05-04 21:19:59.000,15565.0000,52766,0,0.0000,0,-,-,-,-,15545.0000,15565.0000,8,14
ZC,CF705,2017-05-04 21:20:00.000,15565.0000,52766,0,0.0000,0,-,-,-,-,15545.0000,15565.0000,8,12
ZC,CF705,2017-05-04 21:20:01.000,15565.0000,52766,0,0.0000,0,-,-,-,-,15545.0000,15565.0000,8,11
ZC,CF705,2017-05-04 21:20:02.000,15565.0000,52766,0,0.0000,0,-,-,-,-,15545.0000,15565.0000,8,10
ZC,CF705,2017-05-04 21:20:03.000,15565.0000,52766,0,0.0000,0,-,-,-,-,15545.0000,15565.0000,8,5
ZC,CF705,2017-05-04 21:20:04.000,15565.0000,52766,0,0.0000,0,-,-,-,-,15540.0000,15560.0000,8,46
ZC,CF705,2017-05-04 21:20:04.000,15565.0000,52766,0,0.0000,0,-,-,-,-,15540.0000,15560.0000,8,47
ZC,CF705,2017-05-04 21:20:04.000,15565.0000,52766,0,0.0000,0,-,-,-,-,15540.0000,15560.0000,8,53
ZC,CF705,2017-05-04 21:20:05.000,15565.0000,52766,0,0.0000,0,-,-,-,-,15540.0000,15560.0000,8,54
ZC,CF705,2017-05-04 21:20:06.000,15565.0000,52766,0,0.0000,0,-,-,-,-,15540.0000,15560.0000,8,43
ZC,CF705,2017-05-04 21:20:06.000,15565.0000,52766,0,0.0000,0,-,-,-,-,15540.0000,15560.0000,8,46
ZC,CF705,2017-05-04 21:20:06.000,15565.0000,52766,0,0.0000,0,-,-,-,-,15540.0000,15560.0000,8,45
ZC,CF705,2017-05-04 21:20:07.000,15565.0000,52766,0,0.0000,0,-,-,-,-,15540.0000,15560.0000,8,35
ZC,CF705,2017-05-04 21:20:07.000,15565.0000,52766,0,0.0000,0,-,-,-,-,15540.0000,15560.0000,8,30
ZC,CF705,2017-05-04 21:20:08.000,15565.0000,52766,0,0.0000,0,-,-,-,-,15540.0000,15560.0000,8,20
ZC,CF705,2017-05-04 21:20:08.000,15565.0000,52766,0,0.0000,0,-,-,-,-,15545.0000,15565.0000,8,12
ZC,CF705,2017-05-04 21:20:09.000,15565.0000,52766,0,0.0000,0,-,-,-,-,15545.0000,15565.0000,7,12
ZC,CF705,2017-05-04 21:20:09.000,15565.0000,52766,0,0.0000,0,-,-,-,-,15545.0000,15565.0000,7,11
ZC,CF705,2017-05-04 21:20:10.000,15565.0000,52766,0,0.0000,0,-,-,-,-,15545.0000,15565.0000,8,11
ZC,CF705,2017-05-04 21:20:10.000,15565.0000,52766,0,0.0000,0,-,-,-,-,15545.0000,15565.0000,8,7
ZC,CF705,2017-05-04 21:20:13.000,15565.0000,52766,0,0.0000,0,-,-,-,-,15545.0000,15570.0000,8,72
ZC,CF705,2017-05-04 21:20:16.000,15565.0000,52766,0,0.0000,0,-,-,-,-,15545.0000,15570.0000,8,71
ZC,CF705,2017-05-04 21:20:17.000,15565.0000,52766,0,0.0000,0,-,-,-,-,15545.0000,15570.0000,8,80
ZC,CF705,2017-05-04 21:20:17.000,15565.0000,52766,0,0.0000,0,-,-,-,-,15550.0000,15570.0000,8,80
ZC,CF705,2017-05-04 21:20:20.000,15565.0000,52766,0,0.0000,0,-,-,-,-,15550.0000,15570.0000,8,79
ZC,CF705,2017-05-04 21:20:21.000,15565.0000,52766,0,0.0000,0,-,-,-,-,15550.0000,15570.0000,8,80
ZC,CF705,2017-05-04 21:20:23.000,15565.0000,52766,0,0.0000,0,-,-,-,-,15550.0000,15570.0000,8,77
ZC,CF705,2017-05-04 21:20:25.000,15565.0000,52766,0,0.0000,0,-,-,-,-,15545.0000,15570.0000,8,77
ZC,CF705,2017-05-04 21:20:26.000,15565.0000,52766,0,0.0000,0,-,-,-,-,15550.0000,15570.0000,2,77
ZC,CF705,2017-05-04 21:20:26.000,15565.0000,52766,0,0.0000,0,-,-,-,-,15550.0000,15570.0000,5,77
ZC,CF705,2017-05-04 21:20:28.000,15565.0000,52766,0,0.0000,0,-,-,-,-,15550.0000,15570.0000,4,76
ZC,CF705,2017-05-04 21:20:29.000,15565.0000,52766,0,0.0000,0,-,-,-,-,15550.0000,15570.0000,4,75
ZC,CF705,2017-05-04 21:20:30.000,15565.0000,52766,0,0.0000,0,-,-,-,-,15550.0000,15570.0000,5,74
ZC,CF705,2017-05-04 21:20:30.000,15565.0000,52766,0,0.0000,0,-,-,-,-,15550.0000,15570.0000,4,74
ZC,CF705,2017-05-04 21:20:30.000,15565.0000,52766,0,0.0000,0,-,-,-,-,15550.0000,15570.0000,4,72
ZC,CF705,2017-05-04 21:20:31.000,15565.0000,52766,0,0.0000,0,-,-,-,-,15550.0000,15570.0000,7,75
ZC,CF705,2017-05-04 21:20:31.000,15565.0000,52766,0,0.0000,0,-,-,-,-,15550.0000,15570.0000,8,73
ZC,CF705,2017-05-04 21:20:32.000,15565.0000,52766,0,0.0000,0,-,-,-,-,15550.0000,15570.0000,8,72
ZC,CF705,2017-05-04 21:20:33.000,15565.0000,52766,0,0.0000,0,-,-,-,-,15550.0000,15570.0000,8,70
ZC,CF705,2017-05-04 21:20:33.000,15565.0000,52766,0,0.0000,0,-,-,-,-,15550.0000,15570.0000,8,69
ZC,CF705,2017-05-04 21:20:35.000,15565.0000,52766,0,0.0000,0,-,-,-,-,15550.0000,15570.0000,8,67
ZC,CF705,2017-05-04 21:20:37.000,15565.0000,52766,0,0.0000,0,-,-,-,-,15550.0000,15570.0000,8,68
ZC,CF705,2017-05-04 21:20:39.000,15565.0000,52766,0,0.0000,0,-,-,-,-,15550.0000,15570.0000,8,67
ZC,CF705,2017-05-04 21:20:42.000,15565.0000,52766,0,0.0000,0,-,-,-,-,15550.0000,15570.0000,8,70
ZC,CF705,2017-05-04 21:20:42.000,15565.0000,52766,0,0.0000,0,-,-,-,-,15550.0000,15570.0000,8,69
ZC,CF705,2017-05-04 21:20:43.000,15565.0000,52766,0,0.0000,0,-,-,-,-,15550.0000,15570.0000,8,70
ZC,CF705,2017-05-04 21:20:44.000,15565.0000,52766,0,0.0000,0,-,-,-,-,15550.0000,15570.0000,8,75
ZC,CF705,2017-05-04 21:20:45.000,15565.0000,52766,0,0.0000,0,-,-,-,-,15550.0000,15570.0000,8,70
ZC,CF705,2017-05-04 21:20:48.000,15565.0000,52766,0,0.0000,0,-,-,-,-,15550.0000,15570.0000,8,67
ZC,CF705,2017-05-04 21:20:48.000,15565.0000,52766,0,0.0000,0,-,-,-,-,15550.0000,15570.0000,8,68
ZC,CF705,2017-05-04 21:20:49.000,15565.0000,52766,0,0.0000,0,-,-,-,-,15550.0000,15570.0000,8,67
ZC,CF705,2017-05-04 21:20:51.000,15565.0000,52766,0,0.0000,0,-,-,-,-,15550.0000,15570.0000,8,66
ZC,CF705,2017-05-04 21:20:52.000,15565.0000,52766,0,0.0000,0,-,-,-,-,15550.0000,15570.0000,8,63
ZC,CF705,2017-05-04 21:20:53.000,15565.0000,52766,0,0.0000,0,-,-,-,-,15550.0000,15570.0000,8,61
ZC,CF705,2017-05-04 21:20:54.000,15565.0000,52766,0,0.0000,0,-,-,-,-,15550.0000,15570.0000,8,60
ZC,CF705,2017-05-04 21:20:54.000,15565.0000,52766,0,0.0000,0,-,-,-,-,15550.0000,15570.0000,8,59
ZC,CF705,2017-05-04 21:20:55.000,15565.0000,52766,0,0.0000,0,-,-,-,-,15550.0000,15570.0000,8,56
ZC,CF705,2017-05-04 21:20:57.000,15565.0000,52766,0,0.0000,0,-,-,-,-,15550.0000,15570.0000,8,57
ZC,CF705,2017-05-04 21:21:00.000,15565.0000,52766,0,0.0000,0,-,-,-,-,15550.0000,15570.0000,8,53
ZC,CF705,2017-05-04 21:21:01.000,15565.0000,52766,0,0.0000,0,-,-,-,-,15550.0000,15570.0000,8,52
ZC,CF705,2017-05-04 21:21:02.000,15565.0000,52766,0,0.0000,0,-,-,-,-,15550.0000,15570.0000,8,55
ZC,CF705,2017-05-04 21:21:05.000,15565.0000,52766,0,0.0000,0,-,-,-,-,15550.0000,15570.0000,8,56
ZC,CF705,2017-05-04 21:21:07.000,15565.0000,52766,0,0.0000,0,-,-,-,-,15550.0000,15570.0000,8,55
ZC,CF705,2017-05-04 21:21:09.000,15565.0000,52766,0,0.0000,0,-,-,-,-,15550.0000,15570.0000,8,56
ZC,CF705,2017-05-04 21:21:11.000,15565.0000,52766,0,0.0000,0,-,-,-,-,15550.0000,15570.0000,8,55
ZC,CF705,2017-05-04 21:21:13.000,15565.0000,52766,0,0.0000,0,-,-,-,-,15550.0000,15570.0000,8,54
ZC,CF705,2017-05-04 21:21:14.000,15565.0000,52766,0,0.0000,0,-,-,-,-,15550.0000,15570.0000,8,49
ZC,CF705,2017-05-04 21:21:15.000,15565.0000,52766,0,0.0000,0,-,-,-,-,15550.0000,15570.0000,8,47
ZC,CF705,2017-05-04 21:21:19.000,15565.0000,52766,0,0.0000,0,-,-,-,-,15550.0000,15570.0000,8,46
ZC,CF705,2017-05-04 21:21:20.000,15565.0000,52766,0,0.0000,0,-,-,-,-,15550.0000,15570.0000,8,49
ZC,CF705,2017-05-04 21:21:24.000,15565.0000,52766,0,0.0000,0,-,-,-,-,15550.0000,15570.0000,8,50
ZC,CF705,2017-05-04 21:21:24.000,15565.0000,52766,0,0.0000,0,-,-,-,-,15550.0000,15570.0000,8,49
ZC,CF705,2017-05-04 21:21:26.000,15565.0000,52766,0,0.0000,0,-,-,-,-,15550.0000,15570.0000,8,40
ZC,CF705,2017-05-04 21:21:26.000,15565.0000,52766,0,0.0000,0,-,-,-,-,15550.0000,15570.0000,8,39
ZC,CF705,2017-05-04 21:21:30.000,15565.0000,52766,0,0.0000,0,-,-,-,-,15550.0000,15570.0000,8,40
ZC,CF705,2017-05-04 21:21:33.000,15565.0000,52766,0,0.0000,0,-,-,-,-,15550.0000,15570.0000,8,39
ZC,CF705,2017-05-04 21:21:35.000,15565.0000,52766,0,0.0000,0,-,-,-,-,15550.0000,15570.0000,8,38
ZC,CF705,2017-05-04 21:21:38.000,15565.0000,52766,0,0.0000,0,-,-,-,-,15550.0000,15570.0000,8,33
ZC,CF705,2017-05-04 21:21:41.000,15565.0000,52766,0,0.0000,0,-,-,-,-,15550.0000,15570.0000,8,32
ZC,CF705,2017-05-04 21:21:41.000,15565.0000,52766,0,0.0000,0,-,-,-,-,15550.0000,15570.0000,8,31
ZC,CF705,2017-05-04 21:21:42.000,15565.0000,52766,0,0.0000,0,-,-,-,-,15555.0000,15575.0000,8,69
ZC,CF705,2017-05-04 21:21:48.000,15565.0000,52766,0,0.0000,0,-,-,-,-,15555.0000,15575.0000,8,71
ZC,CF705,2017-05-04 21:21:48.000,15565.0000,52766,0,0.0000,0,-,-,-,-,15555.0000,15575.0000,8,72
ZC,CF705,2017-05-04 21:21:49.000,15565.0000,52766,0,0.0000,0,-,-,-,-,15555.0000,15575.0000,8,73
ZC,CF705,2017-05-04 21:21:53.000,15565.0000,52766,0,0.0000,0,-,-,-,-,15555.0000,15575.0000,8,72
ZC,CF705,2017-05-04 21:21:53.000,15565.0000,52766,0,0.0000,0,-,-,-,-,15555.0000,15575.0000,8,71
ZC,CF705,2017-05-04 21:21:54.000,15565.0000,52766,0,0.0000,0,-,-,-,-,15555.0000,15575.0000,8,70
ZC,CF705,2017-05-04 21:21:55.000,15565.0000,52766,0,0.0000,0,-,-,-,-,15555.0000,15575.0000,8,79
ZC,CF705,2017-05-04 21:21:58.000,15565.0000,52766,0,0.0000,0,-,-,-,-,15555.0000,15575.0000,8,74
ZC,CF705,2017-05-04 21:21:58.000,15565.0000,52766,0,0.0000,0,-,-,-,-,15555.0000,15575.0000,7,74
ZC,CF705,2017-05-04 21:21:59.000,15565.0000,52766,0,0.0000,0,-,-,-,-,15555.0000,15575.0000,6,74
ZC,CF705,2017-05-04 21:22:00.000,15565.0000,52766,0,0.0000,0,-,-,-,-,15555.0000,15575.0000,7,74
ZC,CF705,2017-05-04 21:22:00.000,15565.0000,52766,0,0.0000,0,-,-,-,-,15555.0000,15575.0000,6,74
ZC,CF705,2017-05-04 21:22:00.000,15565.0000,52766,0,0.0000,0,-,-,-,-,15555.0000,15575.0000,6,77
ZC,CF705,2017-05-04 21:22:03.000,15565.0000,52766,0,0.0000,0,-,-,-,-,15555.0000,15575.0000,2,77
ZC,CF705,2017-05-04 21:22:04.000,15565.0000,52766,0,0.0000,0,-,-,-,-,15555.0000,15575.0000,1,77
ZC,CF705,2017-05-04 21:22:05.000,15565.0000,52766,0,0.0000,0,-,-,-,-,15555.0000,15575.0000,1,78
ZC,CF705,2017-05-04 21:22:05.000,15565.0000,52766,0,0.0000,0,-,-,-,-,15550.0000,15570.0000,8,2
ZC,CF705,2017-05-04 21:22:06.000,15565.0000,52766,0,0.0000,0,-,-,-,-,15550.0000,15575.0000,8,77
ZC,CF705,2017-05-04 21:22:07.000,15565.0000,52766,0,0.0000,0,-,-,-,-,15555.0000,15575.0000,8,77
ZC,CF705,2017-05-04 21:22:08.000,15565.0000,52766,0,0.0000,0,-,-,-,-,15560.0000,15580.0000,3,42
ZC,CF705,2017-05-04 21:22:09.000,15565.0000,52766,0,0.0000,0,-,-,-,-,15560.0000,15580.0000,8,42
ZC,CF705,2017-05-04 21:22:09.000,15565.0000,52766,0,0.0000,0,-,-,-,-,15560.0000,15580.0000,8,39
ZC,CF705,2017-05-04 21:22:12.000,15565.0000,52766,0,0.0000,0,-,-,-,-,15560.0000,15580.0000,8,38
ZC,CF705,2017-05-04 21:22:13.000,15565.0000,52766,0,0.0000,0,-,-,-,-,15560.0000,15580.0000,8,45
ZC,CF705,2017-05-04 21:22:14.000,15565.0000,52766,0,0.0000,0,-,-,-,-,15560.0000,15580.0000,8,38
ZC,CF705,2017-05-04 21:22:15.000,15565.0000,52766,0,0.0000,0,-,-,-,-,15560.0000,15580.0000,8,37
ZC,CF705,2017-05-04 21:22:15.000,15565.0000,52766,0,0.0000,0,-,-,-,-,15560.0000,15580.0000,8,36
ZC,CF705,2017-05-04 21:22:15.000,15565.0000,52766,0,0.0000,0,-,-,-,-,15560.0000,15580.0000,8,31
ZC,CF705,2017-05-04 21:22:16.000,15565.0000,52766,0,0.0000,0,-,-,-,-,15560.0000,15580.0000,8,24
ZC,CF705,2017-05-04 21:22:17.000,15565.0000,52766,0,0.0000,0,-,-,-,-,15560.0000,15580.0000,8,22
ZC,CF705,2017-05-04 21:22:17.000,15565.0000,52766,0,0.0000,0,-,-,-,-,15560.0000,15580.0000,8,16
ZC,CF705,2017-05-04 21:22:18.000,15565.0000,52766,0,0.0000,0,-,-,-,-,15560.0000,15580.0000,8,5
ZC,CF705,2017-05-04 21:22:18.000,15565.0000,52766,0,0.0000,0,-,-,-,-,15565.0000,15585.0000,1,80
ZC,CF705,2017-05-04 21:22:19.000,15565.0000,52766,0,0.0000,0,-,-,-,-,15560.0000,15580.0000,8,1
ZC,CF705,2017-05-04 21:22:22.000,15565.0000,52766,0,0.0000,0,-,-,-,-,15560.0000,15580.0000,8,4
ZC,CF705,2017-05-04 21:22:22.000,15565.0000,52766,0,0.0000,0,-,-,-,-,15560.0000,15580.0000,8,6
ZC,CF705,2017-05-04 21:22:23.000,15565.0000,52766,0,0.0000,0,-,-,-,-,15560.0000,15580.0000,8,12
ZC,CF705,2017-05-04 21:22:24.000,15565.0000,52766,0,0.0000,0,-,-,-,-,15560.0000,15580.0000,8,11
ZC,CF705,2017-05-04 21:22:24.000,15565.0000,52766,0,0.0000,0,-,-,-,-,15560.0000,15580.0000,8,13
ZC,CF705,2017-05-04 21:22:27.000,15565.0000,52766,0,0.0000,0,-,-,-,-,15560.0000,15580.0000,8,12
ZC,CF705,2017-05-04 21:22:28.000,15565.0000,52766,0,0.0000,0,-,-,-,-,15560.0000,15580.0000,8,13
ZC,CF705,2017-05-04 21:22:28.000,15565.0000,52766,0,0.0000,0,-,-,-,-,15565.0000,15585.0000,8,80
ZC,CF705,2017-05-04 21:22:30.000,15565.0000,52766,0,0.0000,0,-,-,-,-,15565.0000,15585.0000,8,75
ZC,CF705,2017-05-04 21:22:31.000,15565.0000,52766,0,0.0000,0,-,-,-,-,15565.0000,15585.0000,8,65
ZC,CF705,2017-05-04 21:22:32.000,15565.0000,52766,0,0.0000,0,-,-,-,-,15565.0000,15585.0000,8,64
ZC,CF705,2017-05-04 21:22:33.000,15565.0000,52766,0,0.0000,0,-,-,-,-,15565.0000,15585.0000,8,63
ZC,CF705,2017-05-04 21:22:35.000,15565.0000,52766,0,0.0000,0,-,-,-,-,15565.0000,15585.0000,8,59
ZC,CF705,2017-05-04 21:22:35.000,15565.0000,52766,0,0.0000,0,-,-,-,-,15565.0000,15585.0000,8,67
ZC,CF705,2017-05-04 21:22:36.000,15565.0000,52766,0,0.0000,0,-,-,-,-,15565.0000,15585.0000,8,66
ZC,CF705,2017-05-04 21:22:37.000,15565.0000,52766,0,0.0000,0,-,-,-,-,15565.0000,15585.0000,8,60
ZC,CF705,2017-05-04 21:22:37.000,15565.0000,52766,0,0.0000,0,-,-,-,-,15565.0000,15585.0000,8,80
ZC,CF705,2017-05-04 21:22:39.000,15565.0000,52766,0,0.0000,0,-,-,-,-,15565.0000,15585.0000,8,64
ZC,CF705,2017-05-04 21:22:39.000,15565.0000,52766,0,0.0000,0,-,-,-,-,15565.0000,15585.0000,8,63
ZC,CF705,2017-05-04 21:22:40.000,15565.0000,52766,0,0.0000,0,-,-,-,-,15565.0000,15585.0000,8,58
ZC,CF705,2017-05-04 21:22:40.000,15565.0000,52766,0,0.0000,0,-,-,-,-,15565.0000,15585.0000,8,59
ZC,CF705,2017-05-04 21:22:41.000,15565.0000,52766,0,0.0000,0,-,-,-,-,15565.0000,15585.0000,8,58
ZC,CF705,2017-05-04 21:22:41.000,15565.0000,52766,0,0.0000,0,-,-,-,-,15565.0000,15585.0000,8,59
ZC,CF705,2017-05-04 21:22:42.000,15565.0000,52766,0,0.0000,0,-,-,-,-,15565.0000,15585.0000,8,58
ZC,CF705,2017-05-04 21:22:42.000,15565.0000,52766,0,0.0000,0,-,-,-,-,15565.0000,15585.0000,8,47
ZC,CF705,2017-05-04 21:22:43.000,15565.0000,52766,0,0.0000,0,-,-,-,-,15565.0000,15585.0000,8,48
ZC,CF705,2017-05-04 21:22:44.000,15565.0000,52766,0,0.0000,0,-,-,-,-,15565.0000,15585.0000,8,50
ZC,CF705,2017-05-04 21:22:45.000,15565.0000,52766,0,0.0000,0,-,-,-,-,15570.0000,15590.0000,8,80
ZC,CF705,2017-05-04 21:22:57.000,15565.0000,52766,0,0.0000,0,-,-,-,-,15570.0000,15590.0000,8,38
ZC,CF705,2017-05-04 21:22:57.000,15565.0000,52766,0,0.0000,0,-,-,-,-,15575.0000,15595.0000,8,50
ZC,CF705,2017-05-04 21:22:58.000,15565.0000,52766,0,0.0000,0,-,-,-,-,15575.0000,15595.0000,8,47
ZC,CF705,2017-05-04 21:22:58.000,15565.0000,52766,0,0.0000,0,-,-,-,-,15575.0000,15595.0000,8,49
ZC,CF705,2017-05-04 21:22:59.000,15565.0000,52766,0,0.0000,0,-,-,-,-,15575.0000,15595.0000,8,50
ZC,CF705,2017-05-04 21:23:00.000,15565.0000,52766,0,0.0000,0,-,-,-,-,15580.0000,15600.0000,1,67
ZC,CF705,2017-05-04 21:23:00.000,15565.0000,52766,0,0.0000,0,-,-,-,-,15580.0000,15600.0000,6,43
ZC,CF705,2017-05-04 21:23:01.000,15565.0000,52766,0,0.0000,0,-,-,-,-,15575.0000,15595.0000,8,23
ZC,CF705,2017-05-04 21:23:01.000,15565.0000,52766,0,0.0000,0,-,-,-,-,15575.0000,15595.0000,8,32
ZC,CF705,2017-05-04 21:23:02.000,15565.0000,52766,0,0.0000,0,-,-,-,-,15575.0000,15595.0000,8,40
ZC,CF705,2017-05-04 21:23:03.000,15565.0000,52766,0,0.0000,0,-,-,-,-,15580.0000,15600.0000,8,60
ZC,CF705,2017-05-04 21:23:04.000,15565.0000,52766,0,0.0000,0,-,-,-,-,15580.0000,15600.0000,8,61
ZC,CF705,2017-05-04 21:23:05.000,15565.0000,52766,0,0.0000,0,-,-,-,-,15580.0000,15600.0000,8,51
ZC,CF705,2017-05-04 21:23:06.000,15565.0000,52766,0,0.0000,0,-,-,-,-,15580.0000,15600.0000,8,54
ZC,CF705,2017-05-04 21:23:07.000,15565.0000,52766,0,0.0000,0,-,-,-,-,15580.0000,15600.0000,8,55
ZC,CF705,2017-05-04 21:23:07.000,15565.0000,52766,0,0.0000,0,-,-,-,-,15580.0000,15600.0000,8,48
ZC,CF705,2017-05-04 21:23:08.000,15565.0000,52766,0,0.0000,0,-,-,-,-,15580.0000,15600.0000,8,46
ZC,CF705,2017-05-04 21:23:09.000,15565.0000,52766,0,0.0000,0,-,-,-,-,15580.0000,15600.0000,8,51
ZC,CF705,2017-05-04 21:23:09.000,15565.0000,52766,0,0.0000,0,-,-,-,-,15580.0000,15600.0000,8,50
ZC,CF705,2017-05-04 21:23:10.000,15565.0000,52766,0,0.0000,0,-,-,-,-,15580.0000,15600.0000,8,31
ZC,CF705,2017-05-04 21:23:10.000,15565.0000,52766,0,0.0000,0,-,-,-,-,15580.0000,15600.0000,8,33
ZC,CF705,2017-05-04 21:23:11.000,15565.0000,52766,0,0.0000,0,-,-,-,-,15580.0000,15600.0000,8,36
ZC,CF705,2017-05-04 21:23:12.000,15565.0000,52766,0,0.0000,0,-,-,-,-,15580.0000,15600.0000,8,39
ZC,CF705,2017-05-04 21:23:12.000,15565.0000,52766,0,0.0000,0,-,-,-,-,15580.0000,15600.0000,8,38
ZC,CF705,2017-05-04 21:23:13.000,15565.0000,52766,0,0.0000,0,-,-,-,-,15580.0000,15600.0000,8,30
ZC,CF705,2017-05-04 21:23:13.000,15565.0000,52766,0,0.0000,0,-,-,-,-,15580.0000,15600.0000,8,29
ZC,CF705,2017-05-04 21:23:13.000,15565.0000,52766,0,0.0000,0,-,-,-,-,15580.0000,15600.0000,8,28
ZC,CF705,2017-05-04 21:23:14.000,15565.0000,52766,0,0.0000,0,-,-,-,-,15580.0000,15600.0000,8,18
ZC,CF705,2017-05-04 21:23:15.000,15565.0000,52766,0,0.0000,0,-,-,-,-,15585.0000,15600.0000,6,16
ZC,CF705,2017-05-04 21:23:16.000,15565.0000,52766,0,0.0000,0,-,-,-,-,15580.0000,15600.0000,8,32
ZC,CF705,2017-05-04 21:23:16.000,15565.0000,52766,0,0.0000,0,-,-,-,-,15580.0000,15600.0000,8,34
ZC,CF705,2017-05-04 21:23:17.000,15565.0000,52766,0,0.0000,0,-,-,-,-,15580.0000,15600.0000,8,26
ZC,CF705,2017-05-04 21:23:18.000,15565.0000,52766,0,0.0000,0,-,-,-,-,15580.0000,15600.0000,8,20
ZC,CF705,2017-05-04 21:23:18.000,15565.0000,52766,0,0.0000,0,-,-,-,-,15580.0000,15600.0000,8,22
ZC,CF705,2017-05-04 21:23:19.000,15565.0000,52766,0,0.0000,0,-,-,-,-,15575.0000,15595.0000,8,1
ZC,CF705,2017-05-04 21:23:19.000,15565.0000,52766,0,0.0000,0,-,-,-,-,15575.0000,15600.0000,8,50
ZC,CF705,2017-05-04 21:23:20.000,15565.0000,52766,0,0.0000,0,-,-,-,-,15575.0000,15600.0000,8,43
ZC,CF705,2017-05-04 21:23:20.000,15565.0000,52766,0,0.0000,0,-,-,-,-,15575.0000,15600.0000,8,38
ZC,CF705,2017-05-04 21:23:21.000,15565.0000,52766,0,0.0000,0,-,-,-,-,15575.0000,15595.0000,8,1
ZC,CF705,2017-05-04 21:23:21.000,15565.0000,52766,0,0.0000,0,-,-,-,-,15580.0000,15600.0000,8,35
ZC,CF705,2017-05-04 21:23:22.000,15565.0000,52766,0,0.0000,0,-,-,-,-,15580.0000,15600.0000,5,37
ZC,CF705,2017-05-04 21:23:23.000,15565.0000,52766,0,0.0000,0,-,-,-,-,15575.0000,15600.0000,8,38
ZC,CF705,2017-05-04 21:23:24.000,15565.0000,52766,0,0.0000,0,-,-,-,-,15575.0000,15600.0000,8,39
ZC,CF705,2017-05-04 21:23:24.000,15565.0000,52766,0,0.0000,0,-,-,-,-,15575.0000,15600.0000,8,51
ZC,CF705,2017-05-04 21:23:25.000,15565.0000,52766,0,0.0000,0,-,-,-,-,15575.0000,15595.0000,8,1
ZC,CF705,2017-05-04 21:23:26.000,15565.0000,52766,0,0.0000,0,-,-,-,-,15575.0000,15600.0000,8,57
ZC,CF705,2017-05-04 21:23:27.000,15565.0000,52766,0,0.0000,0,-,-,-,-,15575.0000,15600.0000,8,59
ZC,CF705,2017-05-04 21:23:28.000,15565.0000,52766,0,0.0000,0,-,-,-,-,15575.0000,15600.0000,8,62
ZC,CF705,2017-05-04 21:23:28.000,15565.0000,52766,0,0.0000,0,-,-,-,-,15575.0000,15600.0000,8,63
ZC,CF705,2017-05-04 21:23:29.000,15565.0000,52766,0,0.0000,0,-,-,-,-,15585.0000,15600.0000,8,16
